1876 2926
106 1572 173 1593 Psal.
195 1578 245 1599 109·

106 1611 128 1631 7.

157 1671 250 1692 Saecula-

107 1704 164 1723 rium
187 1711 249 1723 men-

107 1742 179 1754 sarum
192 1734 249 1754 deli>

107 1767 152 1785 cim.

259 206 326 251 780
569 218 598 241 s.

258 288 286 307 re
299 290 305 305 :
320 277 366 306 sed
380 278 442 307 istos
454 278 582 317 gigantes,
594 286 724 315 strenuos,
734 280 780 318 qui
796 280 933 307 innumera
945 279 997 307 for-

259 324 419 362 titeragunt,
432 324 550 354 invenias
562 325 617 354 sine
628 325 742 354 vinculis
758 325 853 363 ligatos
868 336 960 353 somno
973 331 999 354 et

258 369 392 407 ebrictate,
402 370 457 399 sine
468 370 546 407 caede,
555 371 610 399 sine
619 371 819 407 vulneril)us,ac
830 371 898 399 sicut
908 371 1000 400 vulne·

258 416 308 444 rati
317 417 440 455 jacentes,
450 418 595 446 imomulto
604 417 721 456 gravius.
729 416 772 444 Illi
781 427 894 455 namque
905 416 998 445 saltem

258 469 359 490 motum
374 463 491 501 aliquem
502 463 617 500 babent3
631 463 659 491 hi
675 473 736 491 vero
750 473 835 499 secus,
851 462 895 491 sed
909 463 998 491 statim

258 508 408 537 concidunt.
426 509 510 539 Vides
531 516 594 537 tunc
614 509 762 537 exercitum
781 515 805 537 et
824 509 952 548 majorem
973 516 999 538 et

258 554 449 582 mirabiliorem
464 555 537 583 csse?
548 556 616 583 Nam
630 555 743 584 victores
759 555 819 584 illos
833 555 931 584 milites
943 556 997 584 sola

258 601 394 629 voluntate
417 601 541 629 confodit.
560 602 637 629 Illam
658 602 728 630 enim
747 608 860 629 matrem
877 601 997 630 omnium

257 646 389 674 malorum
411 646 446 674 ita
462 647 595 675 infirmam
609 646 730 683 reddunt,
742 653 771 675 ut
787 647 896 676 molesta
909 654 997 686 postea

256 702 311 720 esse
323 703 373 720 non
385 693 476 731 possit.
493 694 568 721 Duce
578 700 666 721 autem
676 694 763 733 lapso,
776 700 800 722 et
813 694 917 722 sublato
926 694 996 733 eapi-

256 744 290 773 te⁷
311 739 443 776 reliquum
461 748 559 778 corpus*
568 739 698 777 quiescit:
714 740 834 778 hancque
853 740 995 769 victoriam
1013 743 1030 765 E

255 794 269 812 a
287 784 399 823 siugulis
416 785 452 812 ibi
464 785 631 813 manentibus
646 792 805 824 reportatam
823 796 922 814 cernas.
935 786 995 814 Non

254 831 324 858 enim
346 837 374 858 ut
390 831 415 858 in
430 830 501 858 hisce
515 831 593 859 bellis
604 853 611 865 ‚
632 832 677 869 qui
692 832 773 860 semel
787 832 820 860 ab
837 843 888 860 uno
903 833 992 861 vulne-

254 884 327 905 ratus
344 884 394 911 est,
412 884 436 905 et
449 877 527 905 semel
546 877 650 914 cecidit,
665 878 711 906 alii
726 879 775 908 vix
788 886 873 918 potest
886 879 994 918 plagam

253 923 349 952 inferre
366 936 372 951 :
388 923 434 952 scd
449 934 552 953 neccsse
563 931 601 952 est
615 931 643 952 ut
656 935 747 954 omnes
757 925 827 954 hanc
841 926 922 954 feram
935 936 996 954 con-

252 969 369 998 fodiant:
389 970 470 1009 etqui
492 981 542 999 non
558 970 619 999 ferit
631 971 715 1008 illam,
732 982 779 1000 nee
791 971 892 1011 dejicit,
905 972 996 1011 exagi-

253 1022 324 1044 tatur
338 1017 425 1055 plane.

1004 1038 1039 1057 692

626 218 768 242 JOANNIS
795 219 977 241 cnRYsosT.
1009 219 1162 242 Ancnffil‘.
1190 220 1460 245 CONSTANTINOP-

1052 280 1149 320 μυρίων
1164 281 1350 321 περιγένωνται
1370 283 1506 321 πολεμων,
1520 285 1570 313 υπὸ
1585 297 1680 314 τουτων
1700 284 1819 313 ἁλίσκον-

1051 338 1114 354 ται·
1125 338 1170 355 και
1181 338 1239 355 ουτε
1249 325 1333 363 ὅπλα,
1346 327 1404 356 οὔτε
1416 329 1527 368 δόρατα,
1544 331 1596 358 οὐθ’
1613 330 1700 371 ὅπερ
1689 343 1718 358 αν
1732 329 1817 370 ἕτερον

1050 375 1081 411 ἠ,
1094 372 1200 401 δύναται
1219 373 1283 412 πρὸς
1302 373 1398 407 ταύτας
1411 377 1503 410 στῆναι
1522 375 1568 408 τὰς
1586 376 1737 415 φάλαγγας
1751 376 1818 405 ἀλλὰ

1049 418 1151 452 τούτους
1170 419 1228 452 τους
1248 419 1385 458 γίγαντας,
1399 433 1457 454 τους
1472 421 1608 461 ἀριστέας,
1620 422 1678 455 τους
1691 422 1724 451 τὰ
1738 422 1817 461 μυρία

1050 465 1287 504 ἀνδραγαθοῦντας,
1299 465 1382 505 εὕροις
1403 466 1433 494 ἂν
1453 467 1534 506 χωρὶς
1554 467 1655 505 δεσμῶν
1671 468 1818 506 δεδεμένους

1049 510 1122 550 ὕπνῳ
1133 511 1177 539 καὶ
1192 511 1272 550 με’θῃ,
1287 512 1368 551 χωρὶς
1386 515 1487 551 σφαγῆς
1501 512 1545 540 καὶ
1559 513 1724 552 τραυμάτων,
1736 513 1817 542 καθά·

1048 568 1098 596 περ
1108 555 1166 589 τοὺς
1177 557 1457 597 τετραυματισμένους,
1469 558 1610 596 κειμένους,
1626 560 1722 596 μᾶλλον
1736 558 1762 588 δὲ
1773 558 1818 587 καὶ

1047 603 1137 630 πολλῶ
1149 602 1340 643 χαλεπώτερον.
1348 603 1461 632 Ἐκεῖνοι
1473 603 1518 642 μὲν
1529 604 1579 644 γὰρ
1590 604 1637 632 κᾶν
1649 603 1818 644 σπαίρουσιν·

1049 642 1118 676 οἷτοι
1131 647 1157 676 οὲ
1172 647 1228 677 οὐδὲ
1237 651 1325 685 τοῦτο,
1338 651 1394 678 ἀλλ’
1406 650 1497 682 ευθέως
1506 649 1723 678 καταπίπτουσιν.
1737 649 1819 689 (Ορᾷς

1047 693 1087 722 ὅτι
1101 695 1185 732 μεῖζον
1202 697 1276 723 τοῦτο
1291 707 1321 723 το
1336 694 1509 734 στρατόπεδον
1532 707 1577 724 και
1599 695 1820 735 θαυμαστότερον;

1048 739 1101 768 Καὶ
1116 740 1174 773 τοὺς
1189 741 1239 780 γὰρ
1251 740 1354 769 ἐκείνων
1370 741 1581 780 περιγενομένους
1595 740 1734 779 πολεμίους
1746 742 1820 769 ἀναι-

1050 790 1087 825 ρεῖ
1109 787 1146 825 τῷ
1162 787 1270 821 θελῆσαι
1288 786 1373 824 μόνον.
1396 786 1475 815 Οὕτω
1495 787 1546 826 γὰρ
1563 786 1642 821 αὐτὴν
1664 787 1758 821 ἀσθενῆ
1771 786 1818 821 τὴν

1049 831 1149 871 μητέρα
1167 832 1288 860 ἁπάντων
1300 834 1351 860 τῶν
1367 834 1454 860 κακῶν
1469 835 1585 861 ποιοῦσιν
1595 855 1602 868 ,
1620 834 1655 865 ὡς
1677 831 1743 870 μηδὲ
1764 833 1819 861 ε’νο-

1046 878 1118 916 χλεῖν
1135 877 1233 906 λοιπόν.
1255 879 1309 906 Τοῦ
1334 877 1360 906 δὲ
1382 881 1528 917 στρατηγοῦ
1551 878 1682 916 κειμένου,
1704 878 1749 906 καὶ
1772 879 1818 912 τῆς

1047 925 1161 962 κεφαλῆς
1174 923 1352 964 ἀνῃρημένης,
1373 924 1417 952 καὶ
1430 924 1460 952 τὸ
1472 924 1561 953 λοιπὸν
1576 926 1653 962 σῶμα
1673 923 1799 962 ἡσυχάζει
1812 935 1817 940 ·

1047 968 1092 997 καὶ
1104 968 1151 1003 τὴν
1171 969 1244 1004 νίκην
1257 968 1353 1004 ταύτην
1366 968 1474 998 ἕκαστον
1493 972 1544 998 τῶν
1559 971 1611 998 ἐκεῖ
1633 969 1760 1008 μενόντων
1778 971 1819 1009 ἐρ-

1047 1014 1187 1053 γαζόμενον
1202 1014 1251 1043 ἴδοι
1261 1027 1299 1047 τις
1315 1015 1354 1043 ἄν.
1367 1016 1406 1043 Οὐ
1421 1015 1471 1055 γὰρ
1483 1014 1571 1055 ὥσπερ
1590 1015 1633 1045 ἐπὶ
1650 1015 1746 1044 τούτων
1766 1017 1816 1043 τῶν

1013 1066 1032 1088 Α
1047 1059 1189 1098 πολεμίων,
1206 1060 1249 1089 ἐὰν
1264 1062 1305 1100 ὑφ’
1316 1060 1371 1093 ἑνός
1386 1073 1424 1093 τις
1444 1061 1513 1100 λάὸῃ
1533 1062 1636 1100 πληγὴν
1646 1085 1653 1097 ,
1666 1062 1747 1101 ἑτέρῳ
1764 1063 1818 1090 λοι-

294 1245 322 1271 4.
342 1242 471 1272 Vidistin'
492 1242 659 1282 splendidam
682 1243 834 1272 victoriam?
850 1244 995 1283 Tropaeum

254 1289 335 1324 enim,
347 1289 419 1327 quod
432 1300 524 1319 omnes
536 1290 617 1318 simul
635 1290 767 1319 exercitus
782 1290 829 1328 qui
845 1302 890 1330 per
904 1291 996 1319 orbem

255 1343 315 1364 sunt
325 1336 423 1375 erigere
437 1347 487 1365 non
499 1345 620 1377 possunt,
640 1337 824 1375 unusquisque
837 1337 933 1365 horum
944 1338 995 1365 eri-

255 1383 312 1421 git;
329 1383 355 1411 in
368 1383 421 1412 illis
433 1384 520 1412 omnia
534 1395 623 1412 eversa
634 1385 738 1423 jacent,
759 1384 872 1421 concisa,
883 1384 997 1423 dejecta,

256 1429 337 1457 verba
347 1429 452 1465 stolida,
465 1430 551 1458 morbi
563 1430 707 1458 furentium
719 1430 867 1469 injucundi,
877 1437 966 1458 tumor
972 1437 997 1458 et

257 1475 345 1503 onmia
358 1486 417 1512 quae
435 1486 468 1503 ez
483 1476 608 1504 ebrietate
626 1476 724 1504 armari
737 1476 836 1504 solent:
850 1483 930 1514 atque
938 1476 997 1504 imi-

258 1528 347 1549 tantur
354 1522 500 1550 Dominum
507 1522 630 1559 suum7de
637 1534 689 1561 quo
695 1523 832 1562 Scriptura
839 1522 999 1551 mirabunda
1015 1530 1032 1552 B

258 1567 323 1595 dicit
336 1579 341 1594 ε
355 1569 399 1596 De
409 1575 534 1597 torrente
543 1571 573 1597 in
587 1570 640 1597 νίιι
652 1571 745 1602 bibet;
755 1575 906 1607 propterea
917 1570 999 1598 exal-

261 1616 333 1642 tabit
346 1621 441 1653 caput.
456 1615 581 1644 Vultisne
598 1626 612 1643 e
626 1616 733 1654 regione
747 1622 916 1644 mortuorum
931 1616 999 1644 mul-

260 1660 403 1689 titudinem
417 1661 553 1700 aspicere'?
572 1662 689 1690 Delicias
701 1661 840 1690 videamus
856 1672 890 1690 ex
905 1672 1001 1690 concu-

260 1707 388 1746 piscentia
411 1714 495 1744 ortas,
522 1719 582 1745 quae
609 1719 642 1736 ex
665 1707 865 1747 pulmentariis,
888 1708 998 1746 coquis,

260 1764 411 1781 mensarum
433 1753 625 1790 structoribus,
641 1753 823 1793 placentarum
850 1754 1000 1782 artificibus

259 1799 473 1839 suppeditantur.
498 1799 584 1828 Pudet
597 1800 686 1828 omnia
703 1800 750 1828 illa
764 1799 852 1828 dicere
865 1812 871 1827 ε
884 1806 999 1828 attamen

259 1846 401 1885 phasianas
417 1857 479 1874 aves
492 1846 639 1885 proferam,
657 1847 718 1886 jura
739 1846 821 1874 fusim
837 1846 931 1883 mixta,
948 1846 1000 1874 hu-

259 1892 341 1927 mida,
355 1893 423 1921 sicca
442 1892 540 1929 edulia,
556 1893 625 1931 leges
646 1892 689 1921 his
711 1892 790 1921 rebus
806 1894 913 1932 positas.
929 1893 998 1920 Nam

258 1938 334 1976 quasi
344 1939 538 1977 rempublicam
547 1938 733 1977 gubernantes,
740 1945 764 1967 et
773 1938 857 1966 aciem
867 1938 998 1967 instruen-

258 1990 310 2021 tes,
336 1984 374 2013 sic
393 1992 419 2013 et
435 1985 478 2013 isti
500 1985 550 2013 hoc
575 1992 600 2013 et
614 1985 665 2013 hoc
689 1985 825 2025 primum,
841 1984 893 2013 hoc
909 1991 933 2012 et
949 1984 1000 2012 hoe

1047 1107 1094 1135 πον
1117 1107 1162 1134 ουκ
1178 1106 1231 1135 ἔστι
1253 1105 1334 1146 βαρὺς
1349 1105 1506 1134 καταπεσὼν
1523 1106 1608 1139 ἅπαξ’
1637 1108 1693 1135 ἀλλ’
1716 1107 1816 1146 ἀνάγκη

1048 1153 1148 1185 πάντας
1163 1152 1193 1181 τὸ
1218 1152 1305 1192 Οηρίον
1325 1154 1402 1181 τοῦτο
1428 1152 1528 1180 παίειψ
1545 1152 1589 1182 καὶ
1608 1155 1622 1181 ὁ
1640 1152 1694 1191 Ξ’μὴ
1718 1152 1817 1189 πλήξας

1048 1199 1126 1233 αὐτὸ,
1147 1198 1192 1226 καὶ
1207 1197 1375 1234 καταὲαλὼν,
1398 1199 1543 1236 ἐνοχλεῖται
1565 1198 1679 1231 πάντως.

1087 1247 1162 1284 Εἶδες
1175 1251 1249 1287 νίκην
1263 1251 1405 1291 λαμπράν,
1422 1246 1485 1280 Οἷον
1502 1250 1553 1290 γὰρ
1564 1250 1597 1279 τὰ
1612 1250 1776 1291 στρατόπεδα
1786 1250 1819 1279 τὰ

1047 1300 1182 1336 πανταχοῦ
1208 1299 1254 1331 τῆς
1278 1296 1430 1334 οἰκουμένης
1454 1299 1518 1334 ὁμοῦ
1545 1296 1698 1325 συνελθόντα
1725 1298 1819 1331 (τι-ἧσαι

1047 1342 1170 1382 τρόπαιον
1184 1342 1232 1371 *³05
1249 1342 1369 1378 δύναται,
1384 1346 1459 1370 τοῦτο
1473 1341 1581 1374 ἕκαστος
1600 1341 1703 1370 ἐκείνων
1718 1341 1819 1377 ἵστησι,

1048 1388 1092 1416 καὶ
1107 1388 1193 1416 πάντα
1212 1387 1419 1427 ἀνατέτραπται,
1430 1387 1654 1427 παρακεκομμένα
1669 1387 1714 1416 καὶ
1734 1388 1819 1427 παρά-

1049 1446 1129 1474 φορα,
1151 1434 1336 1473 παραπληξίας
1358 1434 1479 1473 ῥήματα,
1493 1434 1631 1472 νοσήματα
1653 1433 1751 1472 μανικὰ
1775 1434 1820 1462 καὶ

1050 1480 1118 1515 ἀηδῆ
1127 1502 1134 1515 ,
1145 1483 1221 1518 τῦφος
1237 1480 1281 1508 καὶ
1292 1479 1379 1508 πάντα
1389 1478 1437 1508 ὅσα
1449 1479 1500 1507 ἀπὸ
1522 1479 1601 1517 μέθης
1613 1479 1746 1511 ὃπλίζεται
1754 1491 1760 1496 ·
1775 1479 1820 1508 καὶ

1050 1529 1189 1565 μιμοῦνται
1201 1526 1243 1555 τὸν
1260 1527 1356 1554 ἑαυτῶν
1370 1524 1516 1561 Δεσπότην,
1531 1525 1557 1554 ὃν
1572 1528 1589 1561 ἡ
1607 1525 1699 1565 Γραφὴ
1715 1525 1819 1564 θαυμά-

1049 1575 1128 1607 ζουσα
1139 1572 1225 1612 ἔλεγεν
1234 1585 1239 1590 ·
1256 1572 1305 1602 Ἐκ
1316 1571 1461 1611 χειμάρρου
1474 1574 1499 1600 ἐν
1513 1572 1564 1612 ὁδῷ
1579 1571 1682 1600 πίεται·
1694 1571 1737 1600 διὰ
1747 1575 1821 1601 τοῦτο

1049 1618 1147 1659 ὑψώσει
1164 1618 1288 1658 κεφαλήν.
1309 1618 1435 1647 Βούλεσθε
1452 1618 1496 1646 καὶ
1514 1617 1636 1658 ἑτέρωθεν
1658 1619 1755 1652 πλῆθος
1776 1630 1820 1647 νε-

1049 1667 1118 1705 κρῶν
1139 1665 1218 1701 {Satn
1231 1663 1342 1702 Ἴδωμεν
1362 1663 1409 1696 τὰς
1434 1666 1463 1692 ἐκ
1481 1666 1528 1699 τῆς
1550 1666 1648 1704 τρυφῆς
1668 1663 1821 1702 ἐπιθυμίας,

1048 1710 1095 1744 τὰς
1113 1712 1142 1739 ἐκ
1161 1713 1211 1739 τῶν
1227 1711 1372 1750 ὀψοποιῶν,
1389 1711 1440 1738 τῶν
1464 1709 1594 1749 μαγείρων
1604 1732 1611 1745 ,
1625 1712 1676 1738 τῶν
1691 1711 1820 1749 τραπεζο-

1048 1758 1145 1793 ποιῶν,
1167 1758 1218 1785 τῶν
1246 1758 1483 1785 πλακουντοποιῶν.
1511 1755 1676 1794 Αἰσχύνομαι
1702 1755 1747 1794 μὲν
1772 1755 1823 1796 γὰρ

1049 1803 1136 1832 πάντα
1155 1802 1335 1841 διηγούμενος·
1351 1801 1419 1836 πλὴν
1442 1802 1500 1830 ἀλλ’
1514 1800 1584 1839 ὅμως
1604 1802 1655 1840 ἐρῶ
1673 1801 1719 1834 τὰς
1742 1801 1822 1840 ὄρνεις

1050 1848 1096 1882 τὰς
1112 1849 1163 1877 ἀπὸ
1182 1848 1315 1883 Φάσιδος,
1328 1846 1386 1880 τοὺς
1401 1846 1502 1885 ζωμοὺς
1516 1846 1574 1879 τοὺς
1594 1846 1675 1886 χύδην
1699 1847 1823 1885 μιγνυμέ-

1049 1905 1119 1928 νους,
1130 1892 1164 1921 τὰ
1178 1891 1259 1932 ὑγρὰ,
1273 1891 1305 1921 ’.ὰ
1326 1890 1391 1930 ξηρὰ
1411 1891 1558 1929 ἐδέσματα,
1572 1890 1632 1923 τοὺς
1651 1892 1711 1932 περὶ
1726 1891 1822 1920 τούτων

1049 1938 1183 1977 κειμένους
1193 1938 1294 1976 νόμους.
1306 1937 1433 1976 Καθάπερ
1444 1937 1494 1976 γάρ
1504 1949 1563 1965 τινα
1573 1937 1649 1966 πόλιν
1661 1938 1822 1973 διοικοῦντες,

1049 1985 1094 2014 καὶ
1110 1984 1273 2024 στρατόπεδα
1295 1983 1489 2019 διατάττοντες,
1507 1982 1574 2012 οὕτω
1593 1983 1638 2012 καὶ
1650 1979 1719 2013 οὗτοι
1733 1984 1763 2013 τὸ
1779 1984 1824 2012 καὶ

259 2029 405 2058 secundum
428 2032 601 2060 constituunt.
627 2030 663 2059 Et
686 2030 731 2059 alii
751 2030 860 2069 quidem
881 2030 998 2069 primum
1016 2040 1033 2063 c
1049 2030 1078 2059 τὸ
1092 2032 1210 2070 πρῶτον,
1227 2029 1256 2057 τὸ
1270 2029 1356 2057 καὶτὸ
1370 2028 1484 2069 δεύτερον
1496 2032 1661 2067 νομοθετοῦσι
1677 2029 1721 2058 καὶ
1736 2041 1822 2058 κατα-

259 2087 321 2104 aves
335 2088 414 2115 supra
435 2077 561 2105 carbones
575 2087 656 2113 assas,
679 2077 851 2116 piscibusque
865 2077 946 2104 fartas
961 2076 999 2104 of—

260 2120 366 2153 serunt;
381 2121 427 2148 alii
445 2121 497 2148 alia
519 2121 593 2149 initia
610 2120 846 2149 immoderatarum
864 2130 999 2148 coenarum

260 2173 379 2194 statuunt
391 2178 396 2192 2
408 2166 544 2204 multaque
555 2166 623 2194 circa
638 2167 694 2194 haec
707 2173 745 2194 est
757 2166 916 2194 concertatio
926 2172 951 2194 et
965 2164 998 2193 de

261 2212 397 2249 qualitate,
414 2219 438 2240 et
451 2212 485 2240 de
496 2212 598 2248 ordine,
610 2219 635 2240 et
650 2212 683 2240 de
697 2213 772 2251 copia
784 2223 789 2239 ε
802 2219 884 2250 atque
898 2211 932 2240 de
944 2211 1000 2240 illis

262 2264 424 2293 concertant,
439 2257 472 2286 de
487 2258 584 2296 quibus
597 2258 695 2287 suffodi
711 2257 854 2294 deberent;
869 2258 916 2286 alii
928 2258 1000 2296 quod

261 2303 405 2332 dimidium
416 2303 497 2341 diem,
509 2304 555 2332 alii
565 2303 637 2342 quod
648 2311 733 2333 totum
746 2304 772 2332 in
785 2304 840 2332 illis
851 2304 997 2339 insumant,

261 2349 307 2377 alii
319 2349 391 2387 quod
405 2356 508 2378 noctem
522 2361 626 2388 quoque
641 2350 776 2389 adjiciant.
797 2349 1000 2388 Dicendumque

264 2395 330 2431 illis,
342 2395 422 2432 Vide,
438 2396 528 2431 miser,
540 2407 692 2424 mensuram
701 2396 810 2432 ventris,
826 2403 850 2424 et
862 2396 895 2424 (10
903 2396 999 2424 immo-

263 2441 356 2471 derato
373 2442 461 2471 studio
482 2443 613 2471 erubesce.
634 2443 736 2472 Verum
756 2442 824 2471 nihil
846 2442 1001 2482 hujusmodi

296 2548 305 2559 ³
319 2539 404 2564 Morel.
416 2545 447 2571 μὴ
461 2543 544 2569 πλήξας
557 2543 624 2569 αὐτὴν
637 2545 676 2569 τὴν
688 2543 766 2572 μέθην,
776 2544 812 2565 καὶ
825 2543 966 2566 axz-rugulam.

297 2582 309 2598 b
323 2579 369 2603 Alii
387 2583 423 2605 οὶν
444 2581 518 2611 ἰσχὺς-ι.
542 2579 601 2603 MOS
617 2578 703 2604 Morel.
719 2583 754 2604 ναὶ
773 2583 846 2605 πάντα
865 2583 1017 2611 imflammat

266 2627 396 2659 τετρωμένα.
409 2625 444 2646 καὶ
457 2624 586 2653 τετράμρν.

1048 2076 1180 2106 τάττουσι,
1194 2074 1246 2104 Καὶ
1263 2076 1286 2103 οἱ
1306 2074 1352 2112 μὲν
1370 2074 1400 2102 τὸ
1417 2076 1519 2113 πρῶτον
1540 2074 1621 2114 ὄρνεις
1633 2077 1673 2103 ἐπ’
1687 2076 1822 2115 ἀνθράκων

1049 2126 1060 2138 ‘³
1071 2120 1228 2159 ὠπτημένας
1237 2143 1243 2155 ,
1260 2119 1358 2148 ἔνδοθεν
1376 2119 1580 2158 μεμεστωμένας
1594 2119 1689 2159 ἰχθύων
1705 2120 1824 2159 εἰσάγου-

1052 2180 1091 2197 σιν
1101 2179 1108 2185 ·
1124 2167 1207 2207 ἕτεροι
1218 2165 1244 2195 δὲ
1259 2166 1365 2194 ἄλλοθεν
1380 2165 1412 2194 τὰ
1425 2165 1550 2221 προοίμια
1567 2169 1700 2195 ποιοῦνται
1711 2168 1762 2194 τῶν
1773 2178 1824 2195 πα-

1053 2212 1172 2253 ρανόμων
1194 2223 1289 2241 τουτων
1318 2210 1442 2240 δείπνων·
1466 2223 1510 2240 και
1535 2211 1634 2250 ἅμιλλα
1659 2211 1744 2247 πολλὴ
1765 2211 1825 2251 περὶ

1051 2259 1163 2294 τούτων,
1186 2269 1230 2287 και
1252 2256 1317 2296 ὑπὲρ
1334 2256 1485 2293 ποιότητος,
1500 2269 1545 2286 και
1569 2256 1633 2296 υπὲρ
1653 2256 1765 2313 τάξεως,
1779 2257 1824 2286 καὶ

1052 2304 1116 2345 ὓπερ
1134 2304 1259 2339 πλήθους·
1279 2314 1324 2331 και
1345 2303 1565 2342 φιλοτιμουνται’
1555 2304 1592 2342 αρ’
1607 2305 1644 2335 οἷς
1668 2302 1825 2341 κατορύττε-

1053 2350 1138 2380 σθαιὲ
1124 2351 1190 2385 εδει,
1203 2351 1225 2378 οἱ
1238 2348 1298 2388 μὲν,
1309 2348 1348 2377 ὅτι
1359 2349 1388 2378 τὸ
1401 2348 1484 2386 ἥμισυ
1498 2361 1545 2383 της
1564 2348 1666 2388 ἡμέρας
1677 2348 1824 2385 ἀνάλωσαν,

1053 2399 1075 2425 οἱ
1091 2395 1117 2425 δὲ
1127 2419 1133 2431 ,
1145 2400 1231 2424 πᾶσαν
1244 2394 1333 2430 αὐτὴν,
1345 2396 1368 2423 οἱ
1384 2393 1424 2430 δὲ,
1436 2394 1475 2423 ὅτι
1488 2394 1532 2422 καὶ
1542 2393 1589 2429 τὴν
1602 2393 1681 2422 νύκτα
1695 2393 1824 2433 προσέθη-

1053 2454 1110 2478 καν,
1126 2442 1139 2455 *
1150 2440 1275 2479 λέγοντες.
1292 2439 1345 2468 Ἴδε
1361 2440 1390 2468 τὸ
1406 2439 1514 2478 μέτρον,
1534 2439 1699 2479 ταλαίπωρε,
1713 2442 1759 2475 τῆς
1775 2451 1821 2478 γα-

1099 2546 1108 2556 ⁰
1121 2537 1255 2570 ὸπτημὲυκς
1266 2539 1359 2570 ἰχθύων,
1370 2537 1404 2560 sic
1417 2535 1501 2560 Morel.
1516 2536 1611 2561 omissis
1623 2535 1685 2560 aliis.

1103 2578 1113 2591 ’⁴
1127 2579 1207 2603 Locus
1221 2583 1247 2601 ut
1259 2576 1356 2602 videtur
1369 2576 1476 2600 vitiatus.
