1876 2926
112 1687 194 1707 ΜαιιΙι,
210 1686 231 1708 5.

110 1718 148 1739 23.
162 1717 200 1746 αἱ.

110 1876 194 1896 Manli.
208 1876 230 1897 6.

275 189 343 224 682
595 202 624 225 s.

654 202 795 225 JOANNIS
822 202 1002 225 CHRYSOST.
1031 203 1186 226 ARCHIEP.
1216 204 1486 229 CONSTANTINOP-

444 391 599 420 HOMtLlA
622 391 680 419 LX.
703 391 737 419 al.
761 390 835 420 LXI.

270 484 336 513 CAP.
350 485 455 514 XVIII.
466 495 491 513 v.
508 485 554 512 15.
577 485 608 513 Si
627 486 788 522 peccaverit
810 486 841 512 in
864 491 890 512 te
907 484 1008 523 finiet·

309 540 386 570 tuus,
401 533 487 568 vnde,
501 534 611 570 corripe
626 532 710 560 illum
732 533 808 559 inter
831 539 857 560 le
874 538 902 559 et
914 534 1006 569 ipsum

307 580 409 608 solum.
425 579 454 608 Si
471 586 497 607 te
521 579 656 611 audierit,
678 579 807 606 lucralus
830 588 859 606 es
877 578 1006 617 fratrem

307 632 400 657 tnum;
412 626 457 652 sin
470 634 529 652 non
543 624 677 660 audierit,
694 630 742 651 etc.

308 720 333 745 1.
355 717 425 751 Quia
439 716 492 745 acri
506 715 622 745 oratione
636 715 762 745 adversus
774 727 817 745 eos
831 716 877 755 qui
890 717 949 746 aliis
965 719 1003 746 os-

266 763 398 791 fendiculo
417 769 500 790 essent
524 772 598 799 usus,
615 761 731 799 undique
745 761 805 790 illos
820 769 956 799 terruerat,
970 775 1003 792 ne

265 810 387 848 deinceps
407 808 495 848 supini
512 815 645 836 manerent
659 808 675 835 ii
691 808 736 846 qui
756 808 924 837 scandalizati
940 810 1001 838 fue-

264 862 334 892 rant,
346 865 430 892 neque
441 854 491 882 rati
502 861 586 882 totum
601 854 628 881 in
640 853 705 881 alios
715 854 862 892 conjectum
876 854 966 890 fuisse,
975 856 1002 884 in

265 900 339 928 aliud
352 900 449 929 vitium
461 906 661 939 prorumperent
671 899 879 935 luxuriantes,et
891 911 917 929 se
928 902 1001 930 cultu

265 946 360 985 dignos
374 947 433 982 rati,
450 946 476 974 in
491 945 669 984 arrogantiam
680 945 842 981 devenirent,
857 946 920 975 vide
931 958 1001 985 quo—

266 992 345 1020 modo
365 992 425 1020 illos
451 991 594 1031 reprimat,
616 991 762 1030 jubeatque
788 991 1003 1030 redargutionem

264 1040 332 1068 inter
354 1039 421 1068 duos
446 1046 549 1068 tantum
576 1038 653 1066 fieri:
672 1049 704 1066 ne
717 1038 837 1078 plurium
851 1039 1002 1068 testimonio

265 1087 414 1124 graviorem
430 1085 550 1115 redderet
567 1085 760 1114 accusationem
773 1108 780 1121 ‚
798 1092 823 1114 et
842 1086 1002 1124 petulantior
1013 1106 1047 1124 505

264 1133 309 1160 illc
319 1133 412 1170 sactus,
427 1139 518 1161 clu-atu
536 1131 673 1159 difficilior
683 1131 756 1159 foret.
769 1131 831 1160 Ideo
847 1132 884 1160 ait
899 1144 904 1159 :
925 1136 1003 1162 Inter
1020 1134 1038 1155 Α

264 1185 292 1206 te
312 1186 338 1207 et
361 1181 453 1217 ipsum
473 1178 575 1207 solum.
590 1177 620 1205 Si
642 1177 777 1211 audierit,
795 1177 924 1207 lucratus
946 1182 1002 1208 eris

254 1225 385 1263 fratrem
400 1231 488 1252 tuum.
504 1222 577 1257 Quid
592 1229 629 1251 est
643 1222 720 1258 illud,
730 1222 759 1251 Si
776 1224 921 1252 audierit?
933 1225 961 1253 Si
975 1236 1002 1254 se

263 1269 437 1306 damnaverit,
449 1269 470 1297 si
486 1278 641 1308 persuasum
658 1268 737 1296 habet
755 1279 782 1297 se
796 1280 926 1308 peccasse.
942 1272 1001 1300 Lu—

263 1323 359 1344 cralus
383 1326 411 1344 es
420 1316 552 1354 finirem
578 1320 665 1342 tuum.
684 1314 743 1342 Non
760 1314 937 1354 dicit‚poenas
953 1327 1001 1345 ex-

262 1361 358 1399 petiisti
377 1367 507 1399 quantum
522 1359 585 1388 satis
599 1366 663 1395 erat,
676 1358 732 1395 scd,
744 1361 885 1389 Lucratus
897 1362 1001 1401 essm—

263 1412 333 1434 (rem
357 1414 437 1435 tuum
455 1418 462 1432 .·
480 1413 509 1434 ut
523 1405 643 1434 ostendat
659 1415 693 1433 ex
707 1405 847 1434 inimicitia
862 1417 1001 1437 commune

260 1450 448 1480 detrimentum
470 1451 542 1479 oriri.
554 1452 612 1479 Non
627 1450 698 1478 enim
718 1450 800 1488 dixit,
817 1452 948 1481 Lucratus
963 1461 1001 1483 est

261 1497 305 1525 ille
326 1498 451 1537 seipsum,
464 1497 518 1533 sed,
532 1497 575 1524 Tu
598 1497 687 1535 ipsum
706 1496 825 1525 lucratus
845 1508 888 1535 es;
903 1500 1001 1537 quibus

259 1545 375 1573 declarat
391 1552 415 1574 et
436 1545 508 1573 hunc
523 1551 547 1572 et
559 1544 636 1572 illum
651 1543 841 1573 detrimentum
853 1552 928 1575 antea
941 1558 1001 1586 pas-

259 1602 301 1620 sos
314 1603 380 1629 esse,
394 1592 477 1620 alium
499 1591 598 1627 fratris,
612 1590 697 1619 alium
710 1591 804 1619 salutis
819 1603 881 1620 suae.
897 1593 939 1622 Ad
950 1594 1001 1623 hoc

260 1638 415 1668 hortabatur
439 1650 499 1667 cum
523 1638 623 1666 sederet
642 1638 668 1665 in
693 1645 781 1666 monte
794 1650 799 1665 ι
812 1639 891 1668 modo
906 1640 1000 1670 laesum

259 1684 293 1712 ad
315 1684 454 1713 laedentem
479 1684 586 1712 mittens
611 1690 635 1711 et
655 1683 746 1711 diceus
761 1695 766 1710 :
784 1684 814 1712 Si
838 1686 880 1713 ad
908 1686 1000 1715 altare
1019 1688 1036 1710 B

259 1737 341 1759 stans
356 1729 631 1769 recordatusficeris
646 1728 820 1768 quiafraler
833 1736 898 1759 tuus
912 1732 1000 1760 habet

257 1776 374 1815 aliquid
394 1777 548 1804 adversum
565 1781 599 1811 le,
610 1775 696 1811 vade,
708 1775 1000 1815 reconci'liarefi·atri

258 1829 326 1855 luo;
346 1821 425 1850 modo
448 1822 541 1849 laesum
561 1820 660 1859 jubens
687 1820 811 1859 proximo
834 1821 967 1851 dimittere
991 1836 997 1851 τ

261 1869 381 1896 Dimitte
403 1870 485 1896 nohis
504 1869 602 1896 debita
626 1873 735 1900 nostra,
757 1869 830 1896 sicut
844 1874 870 1896 et
890 1879 942 1897 nos
956 1870 997 1897 di-

259 1917 397 1942 mittimus
419 1914 594 1942 debitoribus
615 1914 729 1947 nostris,
745 1912 773 1941 id
797 1912 885 1942 dicere
895 1913 996 1943 docuit.

257 1959 308 1987 Hic
318 1970 381 1989 vero
392 1959 475 1987 alium
483 1958 625 1998 quemdam
637 1957 748 1987 modum
758 1958 843 1987 affert.
856 1960 914 1988 Non
925 1960 996 1989 enim

257 2005 406 2040 laedentem,
420 2005 466 2033 sed
477 2005 569 2033 laesum
582 2004 684 2032 inducit
696 2003 730 2032 ad
742 2004 838 2043 ipsum.
852 2006 921 2033 Nam
933 2006 996 2044 quia

258 2051 310 2086 ille,
329 2051 376 2089 qui
391 2051 503 2087 laeserat,
519 2060 571 2078 non
590 2049 669 2078 facile
692 2049 806 2078 venisset
817 2049 851 2078 ad
866 2061 995 2080 excusan-

255 2097 320 2125 dum
341 2108 377 2131 se,
392 2096 549 2136 pudefactus
570 2103 596 2124 et
613 2095 779 2131 erubescens,
794 2096 886 2124 laesum
907 2097 942 2125 ad
958 2097 995 2125 il—

255 2143 311 2171 lum
326 2143 420 2178 trahit;
438 2153 520 2180 neque
531 2143 637 2175 frustra,
652 2141 699 2170 sed
715 2149 743 2170 ut
753 2142 853 2171 factum
861 2144 994 2173 resarciat.

256 2190 346 2227 Neque
356 2187 434 2223 dicit⁷
449 2189 561 2223 Aecusa,
577 2198 633 2221 nec,
646 2188 766 2226 Increpa,
783 2188 836 2224 vel,
850 2189 944 2217 Poenas
955 2200 995 2218 re-

255 2242 327 2274 pete;
344 2234 398 2271 sed,
419 2234 529 2272 Argue.
547 2233 596 2261 Ille
615 2243 729 2271 namque
740 2233 778 2262 ira
793 2240 818 2262 et
831 2233 933 2273 pudore
947 2246 995 2264 ceu

256 2280 371 2318 quodam
383 2289 477 2318 sopore
492 2278 581 2307 ebrius
592 2278 720 2306 retinetur
735 2291 740 2305 :
758 2286 782 2307 te
793 2289 855 2308 vero
869 2279 942 2308 decet
955 2291 994 2309 sa-

256 2336 319 2353 num
334 2325 411 2353 illum
431 2331 600 2363 aegrotantem
615 2323 698 2360 adire,
715 2325 849 2363 privatum
860 2324 995 2363 judicium

254 2371 421 2406 constituere,
434 2370 631 2408 remediumque
645 2370 814 2409 acceptabile.
824 2370 896 2399 Illud
912 2372 993 2408 enim,

255 2418 365 2453 Διῃιιε,
381 2416 449 2444 nihil
469 2415 543 2444 aliud
568 2422 615 2451 cst,
634 2426 716 2453 quam
732 2416 873 2444 Peccatum
888 2417 915 2445 in
937 2427 993 2445 me—

254 2461 366 2490 moriam
386 2471 490 2499 revoca,
502 2460 546 2489 dic
565 2461 588 2489 ei
600 2471 657 2499 quse
671 2461 706 2489 ab
721 2461 767 2489 illo
781 2472 875 2500 passus
891 2462 927 2491 sis
943 2474 948 2489 ε
964 2462 992 2491 id

285 2560 294 2569 ι·
313 2550 397 2576 Morcl.
411 2555 545 2585 &stupf-men
557 2551 613 2575 MSS.
627 2550 729 2582 quidam
742 2555 873 2587 ἁμαρτήσῃ.

285 2591 296 2608 ¹¹
317 2591 402 2614 MorcI.
417 2596 441 2613 et
453 2588 554 2622 quidam
570 2589 609 2613 alii
624 2592 697 2618 ἐπειδὴ
711 2594 762 2623 γάρ,

1357 395 1491 424 ΟΜΙΑΙΑ
1507 395 1535 429 ξ’.

1063 482 1127 511 Ἐὰν
1144 483 1170 512 δὲ
1181 489 1191 499 s
1200 485 1305 525 ἁμάρτῃ
1318 487 1353 519 εἷς
1364 486 1391 515 σὲ
1404 489 1417 516 ὁ
1428 487 1535 526 ἀδελφός
1547 499 1604 523 σου,
1616 488 1712 526 ὕπαγε,
1725 488 1826 527 ἔλεγξον

1103 529 1177 557 αὐτὸν
1196 530 1291 567 μεταξὺ
1306 535 1350 560 σοῦ
1365 532 1409 560 καὶ
1421 534 1498 561 αὐτοῦ
1513 533 1599 570 μόνου,
1614 533 1678 562 Ἐάν
1694 546 1738 562 σου
1751 534 1826 563 ἀκού-

1101 586 1133 613 σῃ
1144 597 1151 609 ,
1168 576 1306 615 ἐκέρδανας
1320 578 1362 606 τὸν
1375 578 1483 616 ἀδελφόν
1495 590 1552 607 σου·
1568 578 1610 607 ἐὰν
1623 578 1649 607 δὲ
1662 578 1697 616 μὴ
1713 580 1809 619 ἀκούω-ῃ
1818 603 1825 615 ,

1101 620 1145 648 καὶ
1160 620 1193 649 τὰ
1209 621 1274 656 ἑξῆς.

1099 716 1111 732 ¹¹
1123 716 1231 753 Ἐπειδὴ
1245 719 1354 758 σφοδρὸν
1371 720 1500 749 κατέτεινε
1511 720 1586 759 λόγον
1597 721 1664 750 κατὰ
1680 723 1731 749 τῶν
1747 733 1825 750 σκαν-

1060 762 1223 798 δαλιζόντων,
1239 764 1282 792 καὶ
1299 766 1461 804 πανταχόθεν
1476 765 1566 798 αὐτοὺς
1582 766 1717 805 ἐφόὲησεν,
1730 766 1771 795 ἵνα
1788 766 1824 804 μὴ

1058 809 1136 837 πάλιν
1144 809 1224 847 ταύτῃ
1237 809 1360 847 γένωνται
1371 810 1457 840 ὕπτιοι
1468 814 1490 840 οἱ
1503 812 1732 850 σκανδαλιζόμενοι
1740 835 1748 847 ,
1759 811 1825 850 μηδὲ

1058 854 1087 882 τὸ
1107 859 1158 882 πᾶν
1174 855 1337 893 ι’νομίζοντες
1353 857 1391 895 ἐφ’
1407 857 1507 896 ἑτέρους
1530 860 1662 897 ἐρρῖφθαι,
1684 860 1718 890 εἷς
1734 858 1824 897 ἑτέραν

1058 900 1150 928 κακίαν
1159 901 1280 934 ἐξέλθωσι
1294 903 1480 942 θρυπτόμενοι,
1491 904 1535 932 καὶ
1546 904 1632 933 πάντα
1638 904 1824 944 θεραπεύεσθαι

1058 946 1172 979 θέλοντες
1195 949 1229 980 εἷς
1251 949 1373 977 ἀπόνοιαν
1389 949 1560 985 ἐξοκείλωσιν,
1577 951 1625 990 ὅρα
1645 953 1700 983 πῶς
1715 950 1760 979 καὶ
1777 952 1824 980 αὐ-

1057 991 1115 1024 τοὺς
1127 992 1259 1021 συστέλλει
1276 994 1365 1029 πάλιν,
1379 995 1422 1023 καὶ
1439 995 1536 1024 κελεύει
1550 996 1592 1024 τὸν
1609 996 1714 1035 ἔλεγχον
1728 996 1824 1034 μεταξὺ

1057 1039 1108 1065 τῶν
1120 1038 1163 1066 δύο
1173 1037 1288 1076 γίνεσθαι
1300 1039 1383 1077 μόνων
1394 1052 1399 1058 ·
1412 1040 1454 1069 ἵνα
1464 1040 1500 1079 μὴ
1511 1044 1543 1079 τῇ
1556 1044 1606 1069 τῶν
1617 1041 1742 1070 πλειόνων
1757 1054 1823 1082 μαρ-

1058 1083 1133 1123 τυρίᾳ
1149 1084 1292 1123 βαρυτέραν
1305 1085 1447 1124 ἐργάσηται
1459 1086 1505 1121 τὴν
1521 1087 1689 1126 κατηγορίαν,
1702 1087 1747 1116 καὶ
1763 1089 1823 1115 ἰτα-

1059 1129 1172 1169 μώτερος
1195 1130 1330 1168 γενόμενος
1345 1133 1439 1164 ἐκεῖνος
1461 1132 1647 1172 δυσδιόρθωτος
1672 1133 1756 1171 μείνῃ.
1776 1133 1824 1162 Διό

1058 1189 1121 1215 φησι
1131 1188 1136 1193 ·
1150 1177 1253 1209 Μεταξὺ
1266 1181 1310 1206 σοῦ
1321 1177 1365 1206 καὶ
1378 1179 1454 1206 αὐτοῦ
1466 1178 1552 1216 μόνου.
1562 1178 1617 1207 Κᾶν
1631 1179 1739 1218 ἀκούσῃ,
1750 1180 1822 1219 ἐκέρ-

1058 1223 1135 1255 δανας
1151 1222 1194 1251 τὸν
1211 1223 1318 1262 ἀδελφόν
1334 1235 1388 1252 σου.
1406 1224 1441 1252 Τί
1457 1226 1535 1259 ἐστιν,
1549 1224 1612 1253 Ἐὰν
1628 1225 1742 1264 ἀκούσῃ;
1757 1225 1822 1254 Ἐὰν

1057 1271 1178 1308 καταγνῷ
1195 1270 1301 1303 ἑαυτοῦ,
1313 1269 1356 1297 ἐὰν
1369 1272 1462 1309 πεισθῇ
1473 1270 1513 1299 ὅτι
1523 1270 1649 1310 ἥμαρτεν.
1664 1270 1823 1310 Ἔκέρδανας

1056 1315 1098 1343 τὸν
1120 1315 1228 1353 ἀδελφόν
1252 1327 1305 1343 σου.
1326 1317 1383 1343 Οὐκ
1399 1311 1477 1351 εἶπεν,
1491 1316 1558 1355 ἔχεις
1573 1316 1663 1352 ἱκανὴν
1676 1316 1722 1352 τὴν
1738 1329 1822 1355 τιμω-

1058 1360 1123 1400 ρίαν,
1150 1361 1215 1395 ἇλλ’,
1232 1359 1391 1399 ’Έκέρδανας
1407 1362 1449 1390 τὸν
1472 1362 1579 1401 ἀδελφόν
1596 1374 1650 1397 σου,
1670 1362 1769 1395 δεικνὺς
1783 1363 1821 1391 ὅτι

1056 1406 1128 1441 κοινὴ
1139 1409 1155 1441 ἡ
1169 1406 1250 1443 ζημία
1267 1407 1318 1434 ἀπὸ
1328 1409 1374 1441 τῆς
1388 1407 1490 1446 ἔχθρας.
1506 1409 1545 1436 Οὐ
1557 1408 1607 1447 γὰρ
1622 1403 1701 1444 εἶπεν,
1714 1408 1821 1448 ἐκέρδα-

1056 1464 1097 1480 νεν
1108 1454 1202 1484 ἐκεῖνος
1215 1452 1304 1480 ἑαυτὸν
1322 1452 1408 1490 μόνον,
1421 1453 1501 1488 ἀλλὰ,
1520 1454 1564 1482 καὶ
1577 1453 1607 1483 σὺ
1623 1454 1698 1483 αὐτὸν
1713 1454 1821 1494 ἐκέρδα-

1056 1510 1101 1530 νας
1113 1510 1118 1514 ·
1133 1498 1164 1525 δι’
1177 1493 1211 1525 ὧν
1225 1497 1316 1530 ἔδειξεν
1329 1497 1368 1526 ὅτι
1379 1499 1422 1526 καὶ
1437 1499 1511 1531 αὐτὸς
1521 1501 1638 1532 κάκεῖνος
1649 1504 1659 1515 ³
1668 1501 1821 1538 ἐζημιοῧντο

1056 1544 1107 1584 πρὸ
1116 1543 1205 1572 τούτου
1214 1567 1220 1579 ,
1231 1546 1244 1572 ὁ
1255 1543 1300 1582 μὲν
1312 1544 1354 1572 τὸν
1368 1544 1485 1582 ἀδελφὸν,
1498 1547 1511 1572 ὃ
1525 1544 1551 1573 δὲ
1563 1545 1609 1580 τὴν
1625 1545 1721 1574 οἰκείαν
1736 1558 1821 1582 σωτη-

1058 1589 1123 1629 ρίαν.
1139 1590 1224 1618 Τοῦτο
1233 1589 1278 1617 καὶ
1292 1589 1370 1624 ἡνίκα
1381 1589 1423 1618 ἐπὶ
1438 1593 1482 1618 τοῦ
1493 1589 1565 1628 ὄρους
1576 1591 1687 1626 ἐκάθητο
1697 1592 1821 1632 παρῄνει·

1056 1634 1118 1664 ποτὲ
1141 1635 1187 1673 μὲν
1204 1635 1247 1664 τὸν
1271 1635 1436 1670 λελυπηκότα
1452 1636 1516 1675 πρὸς
1531 1636 1574 1665 τὸν
1587 1637 1736 1672 λυπηθέντα
1750 1638 1820 1676 ἄγων

1056 1682 1100 1710 καὶ
1110 1681 1191 1720 λέγων
1205 1693 1210 1699 ·
1222 1681 1285 1710 Ἐὰν
1296 1683 1333 1720 τῷ
1345 1681 1519 1721 θυσιαστηρίῳ
1531 1682 1679 1721 παρεστὼς,
1692 1685 1745 1712 ἐκεῖ
1755 1696 1820 1722 μνη-

1056 1729 1131 1765 σθῇς,
1153 1727 1192 1756 ὅτι
1211 1730 1223 1756 ὁ
1244 1727 1352 1766 ἀδελφός
1370 1739 1415 1756 σου
1437 1728 1492 1766 ἔχει
1513 1740 1538 1756 τι
1552 1727 1620 1756 κατὰ
1641 1732 1702 1765 σοῦ,
1718 1728 1819 1768 ὕπαγε,

1055 1773 1210 1812 διαλλάγηθι
1224 1776 1261 1812 τῷ
1277 1775 1379 1812 ἀδελφῷ
1398 1785 1458 1802 σου·
1475 1773 1536 1802 ποτὲ
1556 1773 1582 1802 δὲ
1600 1774 1643 1803 τὸν
1662 1775 1818 1813 ἠδικημένον

1054 1818 1165 1846 κελεύων
1178 1821 1280 1858 ἀφεῖναι
1292 1821 1329 1858 τῷ
1344 1819 1452 1854 πλησίον
1466 1831 1471 1836 ·
1483 1818 1557 1858 Ἄφες
1567 1819 1618 1859 γὰρ
1628 1823 1691 1858 ἡμῖν
1706 1820 1738 1849 τὰ
1749 1822 1819 1860 ὀφει-

1053 1864 1160 1902 λήματα
1173 1867 1259 1903 ἡμῶν,
1274 1864 1359 1897 καθὼς
1374 1865 1419 1893 καὶ
1433 1867 1509 1902 ἡμεῖς
1530 1865 1637 1904 ἀφίεμεν
1651 1871 1702 1899 τοῖς
1717 1867 1818 1905 ὀφειλέ-

1052 1922 1109 1943 ταις
1125 1912 1210 1948 ἠμῶν,
1234 1910 1317 1948 λέγειν
1338 1909 1459 1942 ἐδίδαξεν.
1479 1910 1608 1939 Ἐνταῦθα
1628 1910 1654 1940 δὲ
1670 1912 1715 1940 καὶ
1731 1912 1816 1952 ἕτερον

1052 1957 1149 1984 ἐπινοεῖ
1171 1956 1274 1995 τρόπον.
1299 1957 1339 1984 Οὐ
1361 1955 1411 1994 γὰρ
1428 1956 1470 1984 τὸν
1492 1956 1671 1992 λελυπηκότα,
1689 1957 1756 1986 ἀλλὰ
1775 1958 1819 1986 τὸν

1051 2001 1199 2036 λυπηθέντα
1220 2001 1277 2040 ἄγει
1300 2001 1364 2040 πρὸς
1382 2004 1480 2029 τοῦτον.
1495 2001 1604 2036 Ἐπειδὴ
1622 2001 1672 2041 γὰρ
1691 2005 1784 2035 ἐκεῖνος
1804 2005 1817 2032 ὁ

1050 2046 1182 2082 ἠδικηκὼς
1197 2048 1242 2075 οὐκ
1266 2046 1376 2078 εὐκόλως
1393 2046 1422 2074 ἂν
1443 2046 1512 2075 ἔλθοι
1531 2047 1594 2086 πρὸς
1614 2047 1755 2084 ἀπολογίαν
1771 2049 1814 2076 αἰ-

1050 2092 1206 2131 σχυνόμενος
1221 2092 1265 2120 καὶ
1281 2093 1414 2132 ἐρυθριῶν,
1429 2095 1517 2121 τοῦτον
1535 2092 1600 2132 πρὸς
1616 2094 1711 2121 ἐκεῖνον
1727 2093 1797 2122 ἕλκει
1809 2107 1814 2112 ·

1050 2138 1095 2166 καὶ
1110 2139 1159 2177 οὐχ
1173 2139 1275 2173 ἁπλῶς,
1290 2139 1346 2167 ἀλλ’
1361 2138 1429 2167 ὥστε
1444 2138 1489 2167 καὶ
1509 2139 1648 2178 διορθῶσαι
1660 2140 1691 2168 τὸ
1704 2152 1813 2178 γεγενη-

1051 2184 1136 2222 μένον.
1153 2184 1205 2213 Kal
1217 2185 1245 2213 οὐ
1259 2183 1343 2222 λέγει,
1359 2183 1548 2224 κατηγόρησον,
1559 2184 1631 2220 οὐδὲ,
1646 2185 1812 2223 ἐπιτίμησον,

1050 2229 1122 2266 οὐδὲ,
1135 2230 1207 2262 δίκας
1229 2230 1372 2264 ἀπαίτησον
1387 2229 1432 2257 καὶ
1449 2229 1564 2266 εὐθύνας,
1586 2229 1668 2266 ἀλλὰ,
1679 2229 1813 2270 Ἔλεγξον,

1049 2275 1136 2314 φησίν.
1153 2275 1235 2308 Αὐτὸς
1257 2275 1302 2313 μὲν
1324 2275 1374 2314 γὰρ
1390 2275 1509 2315 καθάπερ
1529 2275 1579 2304 τινὶ
1598 2276 1671 2315 κάρῳ
1686 2278 1723 2316 τῷ
1741 2279 1813 2316 θυμῷ

1049 2321 1093 2350 καὶ
1103 2324 1135 2360 τῇ
1151 2321 1260 2360 αἰσχύνῃ
1270 2321 1409 2359 κατέχεται
1421 2321 1520 2358 μεθύων
1529 2333 1535 2338 ·
1549 2322 1585 2349 δεῖ
1598 2321 1624 2350 δὲ
1635 2321 1663 2350 σὲ
1675 2322 1719 2350 τὸν
1731 2322 1813 2361 ὑγιαί-

1048 2379 1124 2396 νοντα
1145 2367 1209 2407 πρὸς
1223 2369 1317 2396 ἐκεῖνον
1332 2367 1375 2395 τον
1390 2370 1512 2395 νοσοῦντα
1534 2368 1662 2402 ἀπελθεῖν,
1684 2367 1729 2395 καὶ
1745 2369 1811 2403 ἀδη-

1049 2413 1181 2450 μοσίευτον
1205 2415 1312 2447 ποιῆσαι
1327 2412 1356 2440 τὸ
1371 2412 1547 2451 δικαστήριον,
1565 2411 1609 2440 καὶ
1622 2412 1811 2451 εὖπαράδεκτον

1068 2462 1074 2474 x
1110 2464 1117 2473 2
1165 2455 1171 2466 ¹
1187 2461 1192 2471 t
1276 2462 1282 2471 x
1325 2462 1331 2474 x
1384 2463 1390 2472 τ
1426 2466 1436 2471 υ
1477 2461 1487 2471 >1
1642 2465 1650 2473 η
1689 2463 1702 2474 υ
1754 2464 1760 2472 ι
1805 2465 1811 2475 ι

1047 2475 1094 2498 την
1111 2474 1234 2502 ιατρειαν.
1249 2463 1288 2491 To
1304 2474 1354 2501 γαρ
1370 2474 1460 2498 ειπειν,
1489 2461 1611 2500 Ελεγξον,
1625 2475 1673 2502 ουχ
1686 2476 1772 2504 ετερον
1786 2476 1810 2493 τι

1089 2557 1097 2567 ²
1116 2552 1161 2576 Alii
1175 2557 1310 2585 νομίσαντες.

1089 2599 1098 2609 α
1118 2591 1200 2615 Morel.
1216 2595 1363 2625 προεζημὶουυ
1377 2594 1488 2623 τοσούτου,
1503 2592 1583 2617 minus
1594 2598 1668 2618 recte.
