1866 2931
183 177 226 223 76
488 190 517 212 S.

546 189 685 212 JOANNts
710 188 889 212 cttttYsos-T.
919 189 1073 212 ARctnEP.
1102 190 1369 215 CONSTANTINOP-

179 250 287 279 videtur
309 250 458 279 inanimatae
480 251 517 279 rei
538 250 624 289 magis
646 249 744 287 fidere,
765 260 847 288 quam
867 249 917 278 sibi
936 252 953 274 C
972 252 1073 291 θαῤῥῶν
1087 252 1184 288 μᾶλλον
1197 251 1214 286 ἢ
1226 253 1309 292 ἑαυτῷ
1328 253 1372 282 καὶ
1389 254 1421 292 τῇ
1444 254 1468 282 ἐν
1489 254 1559 292 αὐτῷ
1572 252 1640 291 ζώσῃ
1653 254 1737 291 ψυχῇ,

180 297 244 336 ipsi,
259 304 284 325 ct
298 296 391 325 animae
407 307 460 325 suae
474 297 596 333 viventi,
610 303 689 334 atque
699 295 758 324 ideo
770 296 874 334 lignum
890 295 917 323 in

179 350 282 371 tantum
306 343 414 371 honoris
435 342 540 370 culmen
560 342 701 382 provehit,
714 341 848 380 quomodo
865 352 917 370 nou

178 389 257 417 fucrit
279 389 334 416 risu
357 388 472 426 dignus,
493 388 558 416 dum
581 399 632 416 non
644 400 659 416 a
674 388 809 424 moribus,
825 387 869 416 sed
882 387 917 415 ab

177 435 309 463 asseribus
318 435 407 462 ornari
417 434 522 463 studet?
536 434 770 470 Quemadmodum
783 434 804 463 si
814 434 873 471 quis
883 444 917 462 ex

177 481 330 520 pavimento
345 480 440 509 domus
462 488 507 509 aut
521 492 553 509 ex
567 480 768 520 pulchritudine
781 480 857 509 scalae
872 490 916 507 su-

178 527 243 566 spici
268 526 358 563 malit,
376 538 456 565 quam
471 538 504 556 ex
518 538 548 555 eo
562 527 632 566 quod
652 527 732 554 homo
751 526 785 554 sit
801 537 806 552 :
822 525 916 563 hujus-

178 572 250 600 modi
260 573 348 601 virum
358 573 435 601 multi
445 584 513 601 nunc
523 574 670 601 imitantur.
682 571 916 607 Quemadmodum

177 620 247 647 enim
263 619 309 648 ille
322 620 356 647 ab
375 619 504 658 imagine,
520 620 557 647 sic
578 619 623 647 alii
638 630 652 646 a
667 618 801 653 vestibus,
823 618 869 646 alii
883 619 917 647 ab

176 665 295 701 zrdibus,
315 676 330 693 a
348 666 441 701 mulis,
462 676 477 693 a
498 665 643 704 carpentis,
668 675 683 692 a
704 663 834 692 columnis
859 676 917 703 quae

176 719 238 740 sunt
251 712 278 740 in
291 712 433 748 domibus,
450 711 475 739 in
490 710 666 738 admiratione
685 710 776 738 haberi
797 710 916 749 cupiunt.

176 758 247 786 Nam
262 769 323 786 cum
338 757 422 793 illud,
444 756 515 794 quod
536 756 656 784 homines
678 756 745 791 sint,
764 756 917 793 amiserint,

176 804 354 836 circumeunt,
371 810 399 831 ut
423 803 475 830 sibi
495 801 604 829 aliunde
623 802 735 840 gloriam
758 802 841 830 multo
862 802 917 830 risu

174 849 284 888 dignam
309 849 458 877 concilient.
474 850 578 877 Verum
601 848 719 886 generosi
734 847 775 876 illi
788 855 813 876 et
828 848 917 886 magni

176 896 225 924 Dei
240 895 334 924 famuli
356 905 407 922 non
422 894 498 929 inde,
514 893 560 921 sed
572 905 605 922 ex
618 893 716 932 quibus
731 904 779 932 par
794 901 865 930 erat,
881 894 917 921 ef-

174 942 315 970 fulserunt.
334 941 439 969 Etenim
454 947 479 969 et
492 939 607 979 captivi,
622 946 646 968 et
659 939 744 975 servi,
760 946 784 967 et
795 940 916 978 juvenes,

174 995 198 1015 et
212 987 360 1026 peregrini,
378 993 402 1014 et
416 986 496 1014 rebus
511 985 636 1013 omnibus
654 984 806 1013 domesticis
822 985 916 1022 vacui,

174 1034 259 1062 multo
274 1033 399 1061 clariores
418 1033 470 1061 visi
485 1039 560 1069 sunt,
574 1042 654 1070 quam
670 1031 686 1059 ii
702 1031 748 1070 qui
765 1031 819 1059 illis
831 1032 917 1060 omni-

174 1080 224 1108 bus
239 1078 397 1108 circumdati
408 1085 489 1107 erant.
510 1078 586 1106 Certe
598 1077 854 1107 Nabuchodonosori
870 1089 917 1106 nec

174 1134 246 1155 tanta
270 1127 316 1154 illa
336 1133 440 1161 statua,
465 1136 513 1153 nec
534 1131 662 1164 satrapae,
685 1135 731 1153 nec
754 1124 848 1161 duces,
869 1135 917 1154 nec

174 1172 295 1201 immensi
311 1172 458 1207 exercitus,
474 1181 521 1198 nec
534 1171 593 1198 auri
608 1171 665 1206 vis,
681 1181 728 1198 nec
743 1170 845 1209 quaevis
864 1171 916 1200 alia

174 1229 287 1258 pompa,
317 1217 464 1246 secundum
490 1217 732 1256 concupiscentiam
760 1218 817 1256 ejus
846 1218 918 1246 fuere

174 1266 254 1301 satis,
278 1272 307 1292 ut
328 1274 441 1302 magnus
460 1270 615 1302 appareret3
639 1263 682 1291 his
706 1274 769 1292 vero
792 1264 838 1302 qui
864 1264 918 1292 illis

175 1311 301 1339 omnibus
319 1310 439 1338 destituti
464 1316 552 1345 erant,
576 1309 632 1338 sola
659 1309 829 1349 philosophia
853 1310 917 1339 satis

176 1357 226 1384 suit
238 1368 244 1383 :
255 1367 314 1394 quae
329 1356 375 1384 illo
397 1356 444 1394 qui
463 1355 613 1384 diademate
623 1362 647 1384 et
662 1366 781 1394 purpura
800 1363 918 1393 ornatus,

175 1412 200 1433 et
215 1411 252 1432 tot
265 1404 326 1432 aliis
337 1405 530 1443 circumseptus
546 1411 617 1440 erat,
632 1414 675 1432 eos
687 1404 732 1442 qui
746 1404 813 1432 nihil
826 1415 919 1434 eorum

175 1450 327 1485 habebant,
352 1457 424 1478 tanto
451 1448 644 1488 splendidiores
671 1449 796 1485 faciebat,
820 1457 919 1488 quanto

176 1496 214 1525 sol
229 1504 267 1526 est
280 1496 424 1535 margarita
443 1495 617 1535 splendidior.
637 1495 745 1524 Etenim
761 1496 787 1524 in
799 1496 917 1525 medium

210 1598 221 1609 ⁸
240 1601 279 1622 Διὸ.
290 1600 316 1622 τὸ
325 1599 419 1629 βάθρου.
434 1599 518 1628 Βάόρον
530 1603 593 1627 saepe
604 1604 649 1627 pro
662 1595 827 1622 fundamento
840 1597 929 1622 domus

175 1637 304 1668 accipitur.
315 1636 361 1658 llic
374 1633 405 1658 de
417 1635 561 1666 pavimento
575 1634 677 1668 intelligi
690 1642 759 1667 puto¹

209 1685 218 1694 ⁴
237 1674 342 1700 Codices
353 1674 450 1706 aliquot
461 1678 475 1702 ἡ
488 1677 603 1709 φιλοσοφία
613 1681 680 1707 μόνη.

971 295 1015 325 καὶ
1029 296 1071 325 διὰ
1083 301 1157 326 τοῦτο
1169 298 1198 326 τὸ
1211 297 1281 330 ξύλον
1302 299 1344 327 ἐπὶ
1364 299 1489 334 τοσαύτην
1512 300 1562 338 ἄγῃ
1584 298 1720 338 προεδρίαν
1731 321 1738 334 ,

970 345 1026 374 πῶς
1036 345 1081 371 οὐκ
1097 342 1126 370 ἂν
1144 343 1182 378 εἴη
1195 343 1306 382 γέλωτος
1330 344 1407 380 ἄξιος,
1419 346 1463 373 οὐκ
1481 346 1533 374 ἀπὸ
1547 344 1664 384 τρόπων,
1679 345 1736 373 ἀλλ’

971 389 1022 417 ἀπὸ
1038 389 1147 418 σανίδων
1167 390 1375 423 καλλωπίζεσθαι
1396 391 1524 425 σπεύδων;
1542 390 1646 430 υΩο··ιτερ
1667 390 1696 418 ἂν
1716 389 1741 418 εἴ

968 446 1007 467 τις
1023 435 1037 448 *
1051 435 1093 463 διὰ
1108 436 1138 463 τὸ
1155 435 1249 475 βάθρον
1260 436 1289 464 τὸ
1304 438 1329 464 ἐν
1350 439 1382 475 τῇ
1395 437 1479 475 οἰκίᾳ,
1491 437 1535 465 καὶ
1556 436 1598 465 διὰ
1613 436 1660 471 τὴν
1682 435 1738 465 κλί-

970 493 1042 518 μακα
1060 480 1142 515 καλὴν
1158 476 1236 510 οὖσαν
1259 481 1325 515 ἀξιοῖ
1338 483 1434 520 μᾶλλον
1444 505 1451 519 ,
1469 483 1485 517 ἢ
1500 482 1542 511 διὰ
1558 483 1587 511 τὸ
1604 483 1739 522 ἄνθρωπος

969 522 1033 555 εἶναι
1052 527 1235 566 {vaesani-amat
1246 539 1252 545 ·
1267 532 1354 557 τοῦτον
1371 528 1415 557 καὶ
1433 530 1470 567 ἐφ’
1491 531 1566 567 ἧμῶν
1583 528 1674 557 πολλοὶ
1695 540 1738 565 μι-

970 576 1077 611 μοῦνται
1099 577 1151 602 νῦν.
1177 574 1282 614 ’Ὠσπερ
1301 574 1352 614 γὰρ
1374 576 1468 607 ἐκεῖνος
1486 575 1538 603 ἀπὸ
1561 576 1607 609 τῆς
1627 574 1738 610 εἰκόνος,

969 617 1049 651 οὕτως
1062 620 1113 648 ἀπὸ
1127 619 1238 657 ἱματίων
1251 620 1343 659 ἕτεροι,
1360 620 1404 648 καὶ
1420 619 1446 653 ἐξ
1456 620 1538 652 οἰκίας
1555 620 1644 656 ἄλλοι,
1654 620 1699 648 καὶ
1712 620 1739 653 ἐξ

968 664 1083 703 ἡμιόνων
1095 688 1101 700 ,
1113 665 1157 693 καὶ
1178 666 1329 704 ὀχημάτων,
1345 666 1389 694 καὶ
1405 667 1456 695 ἀπὸ
1470 666 1560 694 κιόνων
1573 668 1624 694 τῶν
1640 668 1665 695 ἐν
1681 670 1739 699 ταῖς

969 710 1061 743 οἰκίαις
1075 710 1172 744 ἀξιοῦσι
1186 712 1371 749 Θαυμάζεσῦαι.
1383 711 1492 746 Ἐπειδὴ
1507 711 1557 751 γὰρ
1567 712 1597 740 τὸ
1607 711 1738 751 ἄνθρωποι

969 751 1034 785 εἶναι
1060 756 1197 786 ἀπώλεσαν
1211 780 1218 792 ,
1245 757 1426 797 περιέρχονται
1452 757 1615 796 συλλέγοντες
1640 759 1739 790 ἑαυτοῖς

970 802 1092 841 ἑτέρωθεν
1109 802 1154 838 τὴν
1172 804 1267 832 πολλοῦ
1287 803 1398 842 γέλωτος
1414 803 1543 841 γέμουσαν
1563 803 1648 836 δόξαν.
1669 803 1737 832 Ἀλλ’

969 850 1017 887 οὐχ
1027 850 1050 876 οἱ
1061 853 1172 887 γενναῖοι
1187 849 1231 877 καὶ
1251 850 1358 888 μεγάλοι
1377 853 1421 878 τοῦ
1441 851 1509 878 Θεοῦ
1530 849 1683 888 θεράποντες
1699 851 1739 878 ἐν·

967 897 1063 929 τεῧΟεν,
1077 896 1132 923 ἀλλ’
1147 897 1189 934 ἀφ’
1203 890 1237 922 ὧν
1250 895 1300 923 ἔδει
1312 895 1439 933 μάλιστα,
1457 897 1486 924 ἐκ
1500 895 1595 924 τούτων
1611 895 1737 933 ἔλαμπον.

969 940 1022 968 Καὶ
1032 939 1082 979 γὰρ
1094 940 1138 968 καὶ
1154 941 1327 979 αἰχμάλωτοι,
1344 940 1388 969 καὶ
1404 941 1497 975 δοῦλοι,
1509 941 1553 969 καὶ
1566 941 1630 975 νέοι,
1644 940 1688 968 καὶ
1701 939 1739 973 ξέ-

968 998 1020 1021 νοι,
1037 986 1081 1014 καὶ
1099 986 1203 1014 πάντων
1221 988 1271 1014 τῶν
1289 986 1385 1015 οἴκοθεν
1400 986 1470 1018 ὄντες
1481 986 1583 1025 ἔρημοι,
1593 990 1637 1015 τοῦ
1651 986 1738 1015 πάντα

968 1031 1188 1071 περιίεὸλημένου
1204 1036 1285 1061 ταῦτα
1301 1032 1450 1071 σεμνότεροι
1465 1033 1554 1071 πολλῷ
1569 1031 1627 1060 τότε
1644 1032 1738 1070 ἐφάνη-

969 1089 1025 1106 σαν.
1040 1078 1091 1106 Καὶ
1102 1080 1139 1118 τῷ
1152 1078 1196 1116 μὲν
1218 1078 1446 1117 Χαέουχοόονόσορ
1466 1081 1511 1107 οὐκ
1525 1077 1599 1106 εἰκὼν
1611 1078 1738 1114 τοσαύτη,

969 1127 996 1153 οὐ
1008 1125 1149 1165 σατράπαι,
1165 1127 1192 1154 οὐ
1203 1125 1352 1164 στρατηγοὶ,
1365 1126 1393 1153 οὐ
1412 1124 1574 1164 στρατόπεδα
1586 1125 1695 1165 ἄπειρα,
1711 1126 1739 1153 οὖ

969 1170 1074 1210 χρυσίου
1085 1172 1190 1205 πλῆθος,
1198 1173 1243 1199 οὐκ
1255 1172 1321 1206 ἄλλη
1333 1170 1462 1210 φαντασία
1473 1172 1536 1210 πρὸς
1544 1171 1590 1206 τὴν
1601 1170 1738 1209 ἐπιθυμίαν

969 1217 1071 1257 ἤρκεσε,
1084 1217 1128 1245 καὶ
1139 1218 1167 1245 τὸ
1180 1217 1260 1250 δεῖξαι
1273 1216 1354 1255 με’γαν
1366 1229 1371 1234 ·
1384 1216 1481 1250 τούτοις
1491 1216 1517 1246 δὲ
1527 1217 1622 1246 τούτων
1633 1217 1738 1246 πάντων

970 1263 1175 1302 γεγυμνωμένοις
1192 1263 1299 1302 ἤρκεσεν
1318 1266 1334 1298 ἢ
1350 1267 1360 1278 ³
1372 1262 1509 1301 φιλοσοφία
1531 1263 1621 1301 μόνον,
1636 1263 1680 1292 καὶ
1695 1267 1740 1292 τοῦ

970 1309 999 1337 τὸ
1019 1309 1134 1346 διάδημα
1155 1309 1199 1336 καὶ
1212 1308 1258 1343 τὴν
1279 1308 1424 1349 πορφυρίδα
1436 1309 1552 1348 ἔχοντος,
1568 1308 1612 1337 καὶ
1633 1312 1740 1337 τοιαῦτα

970 1354 1201 1394 περιὲεὲλημένου,
1212 1354 1271 1387 τοὺς
1291 1355 1360 1384 οὐδὲν
1377 1354 1473 1383 τούτων
1490 1355 1662 1393 κεκτημένους
1672 1356 1740 1392 λαμ-

970 1400 1108 1440 προτέρους
1124 1400 1239 1439 ἀπέφηνε
1251 1405 1382 1437 τοσοῦτον,
1393 1401 1452 1430 ὅσον
1465 1400 1477 1415 ¹²
1488 1403 1501 1428 ὁ
1517 1400 1588 1435 ἥλιός
1605 1403 1659 1429 ἐστι
1673 1412 1740 1439 μαρ-

970 1447 1050 1486 γάρου
1060 1445 1248 1487 λαμπρότερος.
1261 1447 1313 1475 Καὶ
1329 1447 1379 1486 γὰρ
1397 1449 1421 1475 ἐν
1440 1446 1511 1486 μέσῳ
1527 1449 1573 1481 τῆς
1589 1446 1740 1483 οἰκουμένης

971 1495 1074 1530 ἁπάσης
1091 1495 1183 1534 ἤγοντο
1192 1518 1199 1531 ,
1211 1494 1263 1524 νέοι
1273 1507 1300 1523 τε
1312 1495 1381 1528 ὄντες
1397 1495 1441 1524 καὶ
1453 1495 1617 1534 αἰχμάλωτοι
1627 1495 1672 1524 καὶ
1683 1496 1739 1524 60⁴3-

1015 1597 1028 1616 b
1047 1596 1209 1626 Manuscripti
1220 1604 1271 1619 nou
1292 1596 1364 1627 pauci
1378 1599 1388 1621 ὁ
1400 1598 1459 1624 mii,-
1475 1599 1520 1621 ἐστι
1539 1597 1652 1630 βορθὸροα
1674 1597 1736 1626 λαμ.-

981 1641 1098 1669 πρὸτερσς.
1115 1636 1147 1659 Et
1156 1636 1190 1658 sic
1205 1633 1320 1659 Anianus.

726 1772 853 1801 ANIANI
875 1771 1192 1801 INTERPRETATIO.

174 1865 292 1901 viribus,
304 1865 409 1903 lignum
423 1873 503 1903 supra
515 1874 541 1892 se
551 1863 694 1901 dignatur,
707 1862 753 1900 qui
766 1872 817 1890 non
831 1861 866 1890 sit
877 1861 936 1897 ille,
952 1860 1077 1897 obsecro,
1092 1860 1147 1888 risu
1160 1861 1278 1889 maxime
1297 1859 1411 1897 dignus,
1428 1870 1480 1889 non
1492 1872 1506 1889 a
1519 1861 1654 1898 moribus,
1667 1861 1713 1890 sed
1722 1873 1738 1890 a

174 1913 273 1940 tabulis
289 1919 314 1940 et
324 1911 458 1940 asseribus
469 1909 650 1939 commendari
666 1909 777 1938 volens?
790 1910 826 1938 Ut
842 1909 863 1937 si
875 1909 972 1947 aliquis
987 1907 1021 1936 de
1036 1908 1221 1946 magnitudine
1236 1918 1267 1936 ac
1278 1908 1480 1946 pulchritudine
1490 1908 1586 1937 domus
1595 1931 1603 1945 ,
1616 1909 1649 1937 dc
1660 1909 1737 1937 scalis

173 1959 263 1998 potius
274 1958 454 1997 gradibusque
469 1957 624 1986 marmoreis
637 1968 663 1986 se
674 1967 729 1985 esse
742 1956 967 1985 honorabiliorem
983 1962 1073 1995 putet,
1087 1966 1165 1993 quam
1180 1955 1253 1994 quod
1272 1955 1352 1983 homo
1373 1955 1491 1993 genitus,
1503 1963 1526 1984 et
1538 1956 1648 1984 rationis
1661 1957 1738 1985 nobi-

172 2006 247 2034 litate
262 2006 376 2034 donatus
388 2012 434 2034 est.
449 2005 528 2033 Hunc
545 2005 633 2043 itaque
653 2004 764 2044 plurimi
787 2004 866 2032 etiam
890 2014 960 2031 nunc
981 2002 1154 2031 inveniuntur
1172 2002 1280 2031 imitari.
1300 2004 1337 2031 L't
1352 2003 1423 2031 enim
1445 2002 1490 2031 ille
1504 2009 1567 2031 tunc.
1577 2002 1611 2031 de
1622 2003 1739 2044 imagine

173 2064 267 2087 aurea,
284 2053 321 2081 sic
334 2052 413 2081 modo
424 2052 470 2081 alii
486 2051 519 2080 de
532 2059 604 2081 veste
617 2052 749 2091 pretiosa,
763 2051 797 2080 de
807 2051 882 2089 equis
892 2051 938 2079 alii
949 2050 991 2079 vel
1003 2050 1142 2087 curribus,
1153 2049 1186 2078 de
1200 2049 1378 2089 amplitudine
1389 2051 1575 2079 columnarum
1585 2073 1593 2087 ,
1605 2062 1664 2089 quae
1676 2059 1739 2081 sunt

173 2100 201 2128 in
212 2100 329 2135 mdibus,
342 2106 366 2128 et
378 2100 489 2138 picturis
503 2099 651 2138 parietum,
662 2099 806 2138 opinantur
816 2109 844 2127 se
857 2109 912 2127 esse
922 2098 1052 2126 meliores.
1065 2097 1135 2132 Quia
1146 2097 1217 2126 enim
1229 2097 1301 2135 quod
1313 2104 1386 2126 erant
1398 2097 1534 2135 homines,
1546 2098 1719 2138 perdiderunt
1729 2122 1737 2137 ,

174 2147 286 2175 sollicite
298 2147 353 2174 huc
368 2147 485 2185 illucque
499 2147 680 2183 circumeunt,
697 2145 806 2174 aliunde
821 2146 872 2175 sibi
885 2145 998 2183 gloriam
1013 2145 1180 2183 colligentes,
1197 2145 1269 2173 omni
1286 2155 1347 2173 sane
1361 2145 1482 2173 irrisione
1496 2145 1691 2184 dignissimam.
1704 2149 1738 2176 At

175 2205 226 2222 uon
237 2195 317 2222 etiam
331 2194 371 2222 illi
383 2194 462 2222 fortes
479 2194 527 2222 Dei
544 2201 567 2222 et
584 2193 733 2222 laudabiles
748 2193 843 2222 famuli
865 2191 1053 2232 hujuscemodi
1075 2192 1164 2228 rebus,
1184 2191 1229 2220 sed
1247 2192 1314 2228 illis,
1331 2192 1430 2230 quibus
1447 2193 1584 2231 oportebat
1604 2195 1736 2233 maxime,

175 2241 342 2269 refulserunt.
366 2240 505 2279 Siquidem
529 2251 591 2269 cum
613 2240 703 2269 adbuc
723 2240 901 2269 adolescentes
929 2246 1030 2277 essent,
1049 2246 1074 2268 et
1096 2239 1243 2278 peregrini,
1263 2240 1317 2268 imo
1335 2240 1415 2268 etiam
1435 2240 1504 2269 servi
1523 2247 1602 2279 atque
1622 2242 1737 2281 captivi,

174 2299 205 2316 ac
224 2288 431 2316 necessariarum
455 2299 544 2316 rerum
570 2288 675 2328 penitus
707 2287 871 2326 indigentes,
894 2287 979 2316 multo
998 2287 1040 2316 his
1059 2287 1182 2315 clariores
1208 2286 1327 2323 fuerunt,
1351 2297 1417 2325 quos
1442 2287 1528 2316 omnis
1551 2288 1626 2327 copia
1647 2299 1739 2318 rerum

176 2335 257 2363 simul
275 2346 306 2363 ae
323 2346 420 2374 pompa
436 2335 587 2364 comitatur.
601 2335 635 2363 Et
650 2335 689 2363 illi
703 2335 814 2373 quidem
832 2335 982 2374 Babylonio
1002 2335 1071 2373 regi,
1083 2345 1134 2362 non
1154 2333 1200 2362 illa
1217 2334 1309 2372 ingens
1321 2340 1345 2362 et
1356 2345 1421 2363 auro
1440 2334 1544 2373 fulgens
1569 2335 1673 2373 imagO,
1685 2347 1737 2365 non

176 2382 293 2422 praefecti
306 2383 459 2420 regionum,
476 2382 608 2421 ducesque
624 2382 727 2410 militiae
736 2405 743 2419 ,
760 2393 811 2410 non
824 2382 1026 2410 innumerabilis
1040 2392 1071 2410 ac
1085 2381 1197 2410 bellator
1216 2381 1348 2409 exercitus
1356 2403 1364 2418 ,
1377 2392 1428 2410 non
1443 2382 1502 2410 auri
1515 2382 1669 2420 argentique
1678 2391 1737 2412 stu-

176 2429 263 2469 penda
280 2430 428 2468 congestio,
446 2440 497 2458 non
512 2429 588 2458 aliud
602 2430 749 2468 quidquam
761 2429 831 2468 quod
844 2430 994 2468 excogitare
1004 2429 1107 2469 potuit,
1122 2429 1180 2467 ejus
1197 2428 1350 2466 ambitioni,
1365 2436 1389 2457 et
1401 2429 1435 2457 ad
1445 2439 1573 2468 magnum
1587 2429 1665 2458 illum
1678 2431 1738 2459 effi-

176 2477 301 2505 ciendum
312 2476 415 2515 aliquid
426 2476 548 2516 prodesse
560 2484 701 2516 potuerunt
717 2489 722 2504 :
734 2477 776 2505 his
791 2488 855 2506 vero
866 2484 1023 2506 cunctorum
1038 2476 1134 2505 talium
1144 2476 1308 2515 possessione
1320 2476 1414 2511 nudis,
1427 2476 1482 2505 sola
1497 2476 1666 2516 philosophia
1681 2479 1736 2506 sus-

177 2525 245 2553 secit.
257 2524 291 2552 Et
303 2524 359 2552 baee
371 2523 499 2552 nimirum
510 2524 628 2562 suitquae
640 2524 700 2552 illos
717 2524 842 2553 omnibus
858 2535 907 2553 non
925 2524 1057 2553 divitibus
1073 2524 1177 2560 solum,
1190 2534 1284 2552 verum
1302 2523 1382 2552 etiam
1399 2523 1548 2552 diademate
1565 2535 1736 2564 purpuraque

178 2572 356 2609 fulgentibus,
368 2578 440 2599 tanto
458 2570 574 2599 reddidit
589 2571 725 2606 clariores,
737 2579 835 2609 quanto
847 2572 963 2612 amplius
977 2572 1112 2601 teterrimo
1123 2571 1212 2609 aliquo
1225 2582 1297 2600 coeno
1309 2571 1372 2600 solis
1389 2571 1494 2600 flamma
1508 2571 1664 2610 resplendet.
1679 2573 1735 2601 Du-
