1876 2926
111 1533 249 1556 Luc.2o.3f›.

113 1718 198 1740 1.Cor.
212 1727 234 1748 7.

110 1749 149 1770 31.

108 2261 184 2282 Eirml.
194 2260 216 2282 6.
224 2261 236 2282 3
243 2277 247 2281 .

277 210 343 256 778

273 282 347 311 stus*
364 281 407 311 Ad
423 289 565 321 unumque
579 283 730 335 respondet,
743 294 796 312 non
809 283 843 311 ad
857 283 951 319 v·‚e1ba
964 282 1010 310 sed

613 222 641 244 S.
669 222 808 246 JOANNts
835 222 1019 245 CHRYSOST.
1049 223 1214 247 ARCfflEl'.

1242 225 1511 250 CONSTANTinoP.

1063 284 1126 313 'mr-⁸3
1145 297 1191 323 rst
1214 286 1280 315 αυτὰ
1302 299 1484 326 εχπομπξυων,
1513 289 1575 319 ποτὲ
1599 290 1624 319 δὲ
1646 302 1684 319 τω
1707 291 1833 320 συνεῑῦότῑ

271 328 305 356 ad
321 336 434 357 mentem
454 340 544 358 eorum
562 330 716 369 respiciens,
731 337 754 358 et
770 331 869 367 ubique
884 336 1009 357 secretam
1018 352 1054 370 690
1064 342 1115 358 των
1134 331 1290 370 ερωτύντων
1315 334 1397 372 ἀφιεις
1422 335 1465 363 τὸν
1491 335 1605 375 ἔλεγγον
1621 335 1692 376 εΌρα
1716 350 1775 376 γουν
1797 339 1833 366 ε’ν-

272 375 380 404 illorum
401 376 552 415 opinionem
570 377 745 415 patef·1ciens;
768 376 839 414 aliqu
843 376 911 404 mdo
935 375 1009 404 illam
1028 380 1045 401 Α

271 432 307 449 m
302 422 408 450 miseste
419 422 551 457 ι’,εΐοΙΙοιιε
562 422 723 460 aliquando
717 422 935 460 interrogantium
948 432 1009 449 con-

271 468 387 496 scientize
403 469 609 497 confutationem
624 468 784 506 relinquens.
800 468 852 496 Hic
865 478 935 496 nunc
949 467 1011 497 vide

270 514 404 551 quomodo
420 521 445 542 et
459 513 675 542 resurrectionem
690 523 744 541 esse
755 513 860 552 probet,
872 520 896 541 et
909 523 960 541 non
974 520 1011 541 ta-

270 559 322 587 lem
336 560 443 597 qualem
464 559 515 598 ipsi
537 559 750 597 suspicabantur.
769 559 843 594 Quid
863 559 933 587 enim
953 558 1012 587 ait?

270 606 317 633 Ξῖ).
329 607 445 633 Erratis
457 605 615 633 nescientes
624 604 798 643 Scripturas,
812 615 903 644 neque
911 611 1011 643 polen-

270 653 340 678 tiam
358 652 424 679 Dei.
437 651 506 686 Quia
522 651 602 685 enim,
615 658 644 679 ut
658 651 704 689 qui
722 652 834 690 Moysen
849 657 964 687 nossent,
977 650 1012 678 le-

268 707 328 735 gem
338 696 464 735 allegant,
475 696 589 724 ostendit
604 696 785 735 ignorantium
797 696 948 736 Scripturas
958 707 1013 725 esse

268 742 351 770 talem
373 742 616 780 interrogationem.
631 742 702 770 Hinc
718 742 788 771 enim
802 742 836 770 ad
858 742 1012 770 tentandum

266 796 450 825 accesserunt,
463 789 535 827 quod
550 788 701 827 Scripturas
714 799 765 817 non
786 795 815 816 ut
830 800 878 828 par
893 795 948 817 erat
966 789 1011 817 in—

266 835 426 873 telligerent,
441 842 466 863 et
482 835 531 863 Dei
549 834 694 874 potentiam
705 835 865 873 ignorarent.
883 834 957 870 Quid
971 845 1011 863 er-

266 892 299 919 go
313 882 421 917 mirum,
434 881 531 919 inquit,
548 882 569 909 si
581 892 623 909 me
637 881 755 917 tentatis,
767 892 847 919 quem
860 881 949 909 adhuc
958 891 1010 910 non
1027 887 1044 909 B

265 928 433 966 cognoscitis,
447 927 554 966 quando
569 938 601 956 ne
617 928 669 956 Dei
683 927 793 966 quidem
806 927 951 967 potentiam
966 938 1011 956 no-

265 975 321 1011 stis,
336 976 414 1014 cujus
424 982 525 1003 tantam
545 975 736 1015 experientiam
752 975 865 1012 habetis,
880 986 910 1003 ac
926 986 1011 1013 neque

264 1032 298 1050 ex
313 1021 500 1050 communibus
517 1021 732 1060 cogitationibus,
745 1031 829 1059 neque
840 1032 874 1049 ex
887 1021 1010 1060 Scriptu-

264 1067 300 1095 ris
321 1067 395 1095 illam
410 1068 506 1104 nostis,
523 1067 544 1096 si
563 1074 649 1095 tamen
669 1078 821 1096 communes
837 1067 1009 1106 cogitationes

263 1124 321 1141 cam
338 1113 458 1142 notitiam
469 1113 614 1152 praebeant,
622 1114 678 1142 Deo
687 1113 776 1142 omnia
787 1124 842 1142 esse
850 1113 1008 1152 possibilia?

303 1160 331 1187 5.
352 1159 387 1187 Et
408 1159 495 1199 primo
514 1159 624 1198 quidem
643 1159 676 1187 ad
691 1159 833 1197 quaesitum
855 1159 1007 1198 respondet.

264 1205 335 1240 Quia
351 1205 421 1233 enim
438 1205 465 1233 in
486 1216 564 1233 causa
583 1205 636 1232 illis
652 1211 707 1232 erat
723 1215 771 1232 eur
789 1205 1007 1233 resurrectionem

263 1261 319 1279 esse
332 1261 383 1278 non
400 1258 533 1290 putarent,
544 1250 615 1289 quod
630 1250 765 1279 crederent
782 1250 861 1279 talem
877 1258 939 1279 tunc
953 1262 1008 1279 esse

262 1308 352 1325 rerum
367 1297 559 1332 conditionem,
575 1307 684 1325 causam
699 1304 830 1332 removet,
847 1304 871 1325 et
887 1297 958 1335 quod
973 1308 1007 1326 ex

262 1343 308 1371 illa
320 1354 397 1371 causa
412 1342 548 1371 accidebat
561 1342 633 1378 (inde
646 1342 716 1371 enim
728 1343 837 1371 morbus
848 1350 921 1371 ortus
931 1347 1005 1380 erat),

262 1399 292 1418 ae
302 1389 500 1417 resurrectionis
515 1388 626 1417 modum
638 1389 764 1417 ostendit:
777 1389 813 1417 ait
824 1389 894 1418 enim
904 1390 1006 1418 :50.1n

262 1436 469 1464 resurrectione
483 1446 576 1474 neque
591 1437 716 1472 nubent,
737 1445 829 1474 neque
848 1437 1005 1471 nubentur,

262 1481 314 1509 sed
336 1488 417 1509 erunt
435 1488 465 1509 ut
486 1481 584 1520 angeli
604 1481 661 1509 Dei
679 1483 710 1509 ia
731 1481 812 1509 caelo.
835 1481 921 1509 Lucas
942 1492 1005 1511 vero

263 1527 310 1563 ait,
322 1527 466 1565 Sicutfilt'i
479 1528 541 1555 Dei.
557 1527 586 1556 Si
600 1537 662 1565 ergo
677 1537 728 1555 non
743 1527 858 1564 nubunt,
871 1529 1006 1567 superflua

263 1581 301 1602 est
319 1573 498 1612 interrogatio.
510 1574 602 1611 Neque
618 1573 675 1602 ideo
687 1573 773 1612 angeli
788 1580 860 1611 sunt,
872 1574 941 1612 quod
954 1585 1005 1603 non

262 1621 379 1657 nubant;
395 1620 439 1649 sed
451 1620 512 1658 quia
526 1627 555 1648 ut
567 1620 654 1658 angeli
667 1627 738 1655 sunt,
752 1619 810 1648 ideo
821 1631 873 1648 non
889 1621 1003 1650 nubunt.

263 1667 333 1695 Hinc
350 1667 433 1695 multa
450 1677 556 1705 quoque
574 1666 626 1694 alia
643 1666 760 1702 sustulit,
776 1677 834 1704 quoe
848 1667 937 1695 omnia
954 1678 1004 1696 una

262 1724 326 1742 vore
345 1713 444 1741 Paulus
462 1711 643 1740 subindicavit
657 1711 747 1740 dicens
760 1724 765 1739 :
778 1713 912 1742 Praeterit
929 1715 1004 1742 enim

255 1760 354 1799 figura
367 1761 452 1797 hujus
465 1759 571 1786 mundi.
583 1757 683 1796 Hisque
694 1758 807 1786 ostendit
818 1759 904 1797 qualis
917 1759 950 1787 sit
965 1771 1004 1788 re-

261 1805 412 1840 surrrectio,
425 1812 449 1833 et
460 1804 533 1843 quod
546 1815 606 1833 vere
616 1804 773 1832 resurrectio
787 1805 821 1833 sit
832 1805 921 1833 futura
935 1817 940 1832 :
956 1806 1003 1834 etsi

261 1862 323 1880 vero
339 1851 405 1879 illud
421 1863 472 1879 una
487 1851 628 1891 probatum
645 1850 855 1887 sue1·it‚attamen
873 1862 907 1880 ex
920 1852 1003 1880 abun-

259 1898 335 1926 danti
356 1897 423 1926 illud
442 1908 548 1925 rursum
556 1896 656 1935 adjicit.
668 1897 760 1934 Neque
772 1897 840 1925 enim
858 1898 1003 1936 interroga-

260 1946 325 1973 tioni
335 1945 414 1974 modo
422 1945 557 1981 satisfecit,
571 1944 616 1973 scd
625 1945 703 1972 etiam
717 1944 825 1973 illorum
840 1944 1001 1983 cogitationi.

260 1992 304 2019 Sic
316 1991 422 2030 quando
434 2002 485 2019 non
501 2002 533 2019 cx
549 1997 619 2018 tanta
631 1989 741 2027 malitia,
750 1990 795 2018 sed
809 2001 842 2018 ex
855 1991 1002 2029 ignorantia

261 2037 432 2076 interrogant,
444 2037 560 2076 amplius
578 2036 653 2065 docet
668 2048 673 2063 ε
688 2036 794 2074 quando
808 2043 896 2065 autem
910 2048 943 2065 ex
957 2048 1001 2066 ne-

260 2083 345 2120 quitia
376 2090 480 2111 tantum
505 2082 676 2120 interrogatio
698 2082 876 2121 proficiscitur
886 2105 894 2119 ,
917 2093 1002 2120 neque

259 2128 459 2167 interrogationi
472 2127 620 2167 respondet.
635 2129 752 2156 Rursum
764 2135 850 2156 autem
863 2138 896 2156 ex
906 2129 1000 2167 Moyse

259 2174 320 2202 illos
337 2174 470 2209 confutat,
487 2173 551 2211 quia
566 2173 616 2212 ipsi
632 2174 743 2212 Moysen
765 2173 960 2210 obtendebant,
975 2181 1000 2202 et

258 2220 295 2248 ait
309 2232 314 2247 :
331 2221 377 2247 51.
391 2222 434 2247 De
448 2220 653 2247 resurrectione
667 2229 736 2247 vero
750 2226 927 2247 mortuorum
943 2230 1000 2248 non

260 2268 379 2306 legistis,
393 2266 439 2294 32.
451 2267 514 2304 Ego
528 2275 592 2293 sum
610 2265 689 2293 Dens
701 2265 866 2300 Abraham,
878 2272 905 2293 et
920 2267 1000 2294 Deus

260 2315 355 2349 Isaac,
370 2318 398 2339 et
413 2312 491 2339 Deus
510 2312 602 2340 Jacob
614 2313 625 2338 Ρ
637 2311 707 2339 Νοη
723 2318 764 2339 est
782 2312 860 2339 Deus
876 2319 999 2340 mortuo-

259 2369 334 2392 rum,
347 2358 397 2386 sed
409 2359 550 2385 vivorum.
566 2357 626 2384 Non
641 2363 687 2391 est,
700 2356 794 2394 inquit,
806 2366 857 2384 non
873 2356 999 2386 exsisten-

258 2404 337 2438 tium,
350 2410 373 2431 et
385 2413 477 2431 eorum
491 2402 536 2440 qui
547 2412 656 2441 prorsus
670 2412 702 2430 ex
714 2401 801 2430 medio
814 2402 912 2431 sublati
925 2410 997 2441 sunt,

258 2460 304 2478 nec
320 2459 447 2487 umquam
462 2447 641 2476 resurrecturi.
658 2449 716 2476 Non
732 2448 802 2476 enim
816 2448 997 2487 dixit‚Eram,

1019 2082 1036 2104 l)

295 2566 298 2574 =
313 2555 397 2579 Mau-el.
410 2563 483 2581 κοινῶν
498 2559 590 2582 {mazam

291 2598 301 2613 ¹·
316 2595 399 2620 §toret

416 2601 452 2620 τοῦ
472 2608 502 2626 μη
523 2599 617 2626 ν’)μῐζεῑν
638 2600 764 2623 ἀνάστασιν,
776 2598 879 2624 mizonii
899 2598 951 2621 εἰναι
973 2604 1014 2622 τὼν

1063 379 1146 404 ταυθα
1176 390 1232 411 πως
1254 379 1388 419 ἀμφότερα
1415 380 1542 417 δείκνυσι,
1569 382 1612 410 καὶ
1633 383 1673 411 ὅτι
1694 384 1835 415 ἀνάστασις

1065 421 1151 457 ἔσται,
1171 423 1241 452 καὶ“
1228 437 1266 452 οτι
1278 427 1305 453 οὐ
1317 425 1422 460 τοιαύτη
1436 427 1576 460 ἀνάστασις
1586 427 1664 456 οἵανε
1656 429 1836 458 υποπτεύουσι.

1065 468 1102 496 'lt'
1127 469 1177 526 γάρ
1205 481 1280 508 φησις
1298 472 1437 500 Πλανᾶσθε
1465 472 1501 510 μὴ
1529 473 1622 506 εἰδότες
1648 474 1694 507 τὰς
1712 475 1835 514 Γραφὰς,

1067 513 1132 551 pesti&
1146 514 1192 550 τὴν
1208 514 1316 553 δύναμιν
1339 528 1383 545 του
1402 518 1478 546 Θεοῦ.
1495 518 1602 554 Ἐπειδὴ
1620 521 1670 558 γὰρ
1693 522 1727 553 ὡς
1741 519 1835 553 εἰδότες

1066 560 1182 588 Μωϋσέα
1209 561 1402 600 προὸάλλονται
1422 574 1465 591 και
1486 563 1527 591 τὸν
1547 563 1634 621 νρμον,
1649 565 1775 595 δεικνυσιν
1794 579 1834 595 οτι

1067 609 1141 635 τοῦτο
1162 607 1278 644 μάλιστα
1294 608 1452 646 ἀγνοούντων
1473 609 1527 638 ἐστι
1542 609 1588 643 τὰς
1609 611 1715 651 Γραφὰς
1725 612 1754 640 τὸ
1772 613 1836 653 ἐρώ-

1066 665 1149 690 τημα
1165 652 1298 682 Εντευθεν
1314 653 1365 693 γὰρ
1385 655 1430 683 καὶ
1446 655 1475 683 τὸ
1497 656 1628 695 πειράζειν
1647 659 1732 691 αὐτοῖς
1748 661 1789 694 ἠν,
1804 661 1834 688 ἐκ

1065 701 1110 728 τοῦ
1138 699 1184 732 τὰς
1205 699 1312 739 Ιραφὰς
1341 700 1377 738 μὴ
1403 701 1496 730 εἰδέναι
1517 704 1551 735 ὡς
1579 715 1644 743 χρη·
1669 705 1698 732 ἐκ
1722 716 1766 733 του
1787 707 1832 734 τοῦ

1065 746 1133 774 Θεου
1149 745 1195 781 τὴν
1216 745 1323 784 &ovetum
1342 748 1450 785 ἀγνοεῖν.
1466 747 1502 775 Γί
1513 750 1555 776 οὖν
1572 749 1729 786 θαυμαστὸν,
1747 750 1834 789 φησὶν,

1065 792 1087 819 εἰ
1098 790 1143 829 εμὲ
1154 791 1289 831 πειράζετε
1299 791 1342 819 τὸν
1354 792 1391 820 ἔτι
1403 792 1570 830 ἀγνοούμενον
1583 796 1652 832 ὑμῖν,
1663 807 1726 823 οπου
1735 808 1764 834 γε
1775 795 1833 825 οὐδὲ

1064 849 1108 865 του
1124 838 1192 865 Θεου
1207 836 1284 872 τὴν
1271 837 1378 873 ούναμιν
1390 837 1459 873 ἴστε,
1474 841 1504 872 ἧς
1515 851 1641 875 τοσαυτην
1656 845 1747 881 πεῖραν
1763 842 1833 877 εἰλή-

1064 895 1142 922 φατε,
1156 895 1200 911 και
1212 882 1270 911 οὔτε
1285 885 1314 912 ἐκ
1327 886 1438 912 3κοινυν
1451 885 1562 921 ἐννοιων,
1578 884 1635 914 οὔτε
1651 886 1703 915 ἀπὸ
1720 887 1831 927 Γραφῶν

1065 928 1144 964 αὐτὴν
1164 929 1271 967 ἔγνωτε,
1290 931 1311 958 εἰ
1333 930 1382 969 ἄρα
1407 930 1452 958 καὶ
1477 933 1500 959 οἱ
1520 931 1599 960 κοινοὶ
1620 933 1739 971 λογισμοὶ
1758 937 1832 963 τοῦτο

1064 974 1221 1014 παρέχουσιν
1238 974 1346 1011 εἰδέναι,
1358 974 1396 1003 ὅτι
1410 977 1447 1015 τῷ
1459 978 1520 1016 Θεῷ
1534 977 1620 1006 πάντα
1636 978 1740 1008 δυνατά.

1103 1158 1156 1188 Καὶ
1176 1160 1278 1198 πρῶτον
1300 1158 1346 1197 μὲν
1368 1159 1431 1199 πρὸς
1451 1159 1480 1188 τὸ
1505 1159 1632 1200 ἐρωτηθὲν
1655 1160 1830 1202 ἀποκρίνεται,

1063 1204 1171 1240 Ἐπειδὴ
1187 1205 1237 1245 γὰρ
1255 1207 1330 1234 τοῦτο
1347 1206 1427 1234 αἴτιον
1442 1209 1473 1241 ἠν
1486 1208 1570 1239 αὐτοῖς
1589 1205 1654 1235 ὴτου
1666 1206 1702 1245 μὴ
1717 1207 1830 1245 νομίζειν

1062 1251 1213 1286 ἀνάστασιν,
1228 1251 1256 1280 τὸ
1267 1251 1379 1289 νομίζειν
1391 1251 1512 1287 τοιαύτην
1526 1255 1591 1281 εἶναι
1603 1254 1654 1281 τῶν
1665 1253 1829 1309 πραγμάτων

1059 1297 1118 1325 τότε
1129 1297 1299 1333 κατάστασιν,
1311 1298 1340 1326 τὸ
1352 1297 1432 1326 αἴτιον
1445 1298 1591 1337 θεραπεύει,
1604 1302 1659 1327 εἶτα
1669 1311 1714 1327 και
1724 1299 1754 1328 τὸ
1765 1299 1830 1337 σύμ-

1060 1355 1157 1380 πτωμα
1168 1343 1234 1381 (ἀπὸ
1248 1343 1299 1383 γὰρ
1316 1343 1405 1371 τούτου
1427 1344 1471 1372 καὶ
1488 1344 1517 1372 τὸ
1532 1343 1635 1382 νόσημα
1647 1344 1765 1383 γέγονε),
1784 1344 1829 1373 καὶ

1651 1390 1696 1419 Ἐν
1720 1390 1770 1430 γὰρ
1795 1393 1828 1429 τῇ

1060 1435 1213 1470 ἀναστάσει,
1232 1435 1308 1474 φησὶν
1318 1458 1325 1471 ,
1341 1435 1399 1464 οὔτε
1417 1438 1554 1473 γαμοῦσιν,
1570 1435 1628 1464 οὔτε
1641 1436 1828 1474 γαμίσκονται,

1061 1388 1173 1417 δείκνυσι
1194 1391 1241 1423 τῆς
1262 1390 1428 1421 ἀναστάσεως
1450 1390 1493 1418 τὸν
1515 1389 1625 1429 τρόπον·

1060 1482 1116 1509 ἀλλ’
1129 1481 1191 1509 εἰσὶν
1206 1483 1240 1513 ὡς
1256 1481 1360 1520 ἄγγελοι
1373 1483 1441 1510 Θεοῦ
1459 1483 1484 1510 ἕν
1503 1483 1611 1521 οὐρανῷ.
1631 1481 1664 1510 ‘O
1679 1482 1705 1511 δὲ
1726 1484 1828 1516 Λουκᾶς

1060 1538 1146 1565 φησιν,
1159 1526 1205 1559 Ὡς
1220 1527 1269 1555 υἱοὶ
1289 1528 1366 1556 Θεοῦ.
1381 1527 1414 1555 Εἰ
1429 1527 1512 1555 τοίνυν
1535 1528 1563 1555 οὐ
1579 1530 1704 1566 γαμοῦσι,
1717 1527 1826 1567 περιττὴ

1059 1575 1074 1607 ἡ
1093 1572 1226 1612 ἐρώτησις.
1239 1574 1279 1601 Οὐ
1292 1573 1343 1611 μὴν
1359 1573 1447 1608 ἐπειδὴ
1461 1575 1489 1602 οὐ
1500 1576 1624 1612 γαμοῦσι,
1636 1573 1679 1602 διὰ
1693 1576 1768 1603 τοῦτο
1782 1574 1828 1613 ἄγ-

1058 1620 1128 1656 γελοι
1141 1631 1146 1636 ·
1160 1620 1217 1647 ἀλλ’
1232 1618 1321 1654 ἐπειδὴ
1334 1621 1368 1651 ὡς
1381 1619 1500 1658 ἄγγελοι,
1513 1618 1556 1647 διὰ
1568 1622 1642 1648 τοῦτο
1653 1621 1681 1648 οὐ
1690 1623 1825 1659 γαμοῦσιν.

1059 1665 1121 1694 Ἀπὸ
1135 1665 1223 1694 τούτου
1245 1665 1289 1693 καὶ
1309 1664 1385 1704 ἕτερα
1406 1664 1490 1693 πολλὰ
1512 1667 1623 1701 ἀνεῖλεν,
1638 1665 1705 1706 ἅπερ
1724 1666 1827 1695 ἅπαντα

1058 1712 1092 1739 δι’
1108 1712 1162 1744 ἑνὸς
1184 1711 1299 1751 ῥήματος
1321 1714 1334 1740 ὁ
1355 1712 1459 1743 Παῦλος
1476 1710 1581 1749 ᾐνίξατο
1598 1711 1691 1740 εἰπών·
1706 1712 1827 1752 Παράγει

1057 1757 1108 1797 γὰρ
1119 1758 1149 1786 τὸ
1160 1760 1253 1796 σχῆμα
1263 1760 1307 1786 τοῦ
1325 1757 1423 1795 κόσμου
1434 1757 1532 1786 τούτου.
1547 1757 1601 1786 Καὶ
1615 1757 1657 1786 διὰ
1670 1757 1716 1796 μὲν
1729 1758 1825 1787 τούτων

1059 1804 1187 1838 ἐδήλωσεν
1207 1803 1285 1838 ἡλίκη
1306 1806 1322 1838 ἡ
1345 1803 1498 1836 ἀνάστασις·
1518 1803 1558 1832 ὅτι
1577 1803 1604 1832 δὲ
1620 1803 1664 1832 καὶ
1686 1804 1826 1837 ἀνάστασίς

1058 1850 1127 1884 ἔστι,
1151 1849 1277 1878 δείκνυσι·
1299 1848 1384 1877 καίτοι
1399 1848 1627 1878 συναποδέδεικται
1647 1851 1685 1889 τῷ
1698 1850 1826 1890 εἰρημένῳ

1057 1895 1102 1924 καὶ
1123 1898 1212 1931 τοῦτο,
1232 1896 1288 1923 ἀλλ’
1311 1894 1382 1933 ὅμως
1403 1896 1431 1923 ἐκ
1451 1894 1600 1934 περιουσίας
1611 1897 1648 1935 τῷ
1666 1895 1735 1935 λόγῳ
1746 1896 1825 1925 πάλιν

1057 1941 1212 1982 προστίθησι
1230 1941 1322 1980 λέγων.
1338 1940 1407 1969 Οὐδὲ
1422 1940 1473 1980 γὰρ
1495 1941 1558 1981 πρὸς
1578 1942 1608 1970 τὸ
1624 1941 1748 1981 ἐρώτημα
1762 1942 1823 1978 ἔστη

1057 1987 1144 2025 μόνον,
1157 1987 1224 2016 ἀλλὰ
1238 1986 1282 2015 καὶ
1296 1986 1360 2026 πρὸς
1371 1986 1417 2021 τὴν
1434 1986 1532 2014 ἔννοιαν
1550 1988 1642 2016 αὐτῶν.
1657 1988 1749 2020 Οὕτως
1762 1988 1823 2017 ὅταν

1057 2033 1093 2071 μὴ
1110 2033 1208 2072 σφόδρα
1229 2034 1424 2072 κακουργῶσιν,
1447 2033 1504 2060 ἀλλ’
1526 2034 1673 2071 ἀγνοοῦντες
1693 2036 1823 2074 ἐρωτῶσι,

1056 2079 1100 2107 καὶ
1117 2081 1145 2107 ἐκ
1161 2077 1308 2117 περιουσίας
1328 2077 1456 2105 διδάσκει·
1472 2077 1533 2106 ὅταν
1552 2077 1578 2106 δὲ
1599 2079 1651 2107 ἀπὸ
1669 2079 1763 2113 κακίας
1775 2080 1823 2118 μό-

1056 2136 1114 2159 νης,
1128 2124 1184 2152 οὐδὲ
1198 2123 1262 2163 πρὸς
1272 2123 1306 2151 τὰ
1317 2122 1473 2162 ἐρωτώμενα
1490 2123 1666 2163 ἀποκρίνεται.
1678 2125 1732 2154 Καὶ
1744 2127 1822 2155 πάλιν

1057 2170 1108 2199 ἀπὸ
1119 2173 1163 2199 τοῦ
1174 2169 1308 2202 Μωϋσέως
1322 2168 1481 2206 ἐπιστομίζει
1492 2168 1595 2205 αὐτοὺς,
1606 2170 1694 2206 ἐπειδὴ
1709 2174 1823 2201 κάκεῖνοι

1057 2215 1173 2246 Μωϋσεά
1182 2215 1369 2255 προεβάλοντο,
1382 2214 1427 2243 καί
1440 2226 1503 2253 φησι
1513 2224 1519 2230 ’
1530 2215 1598 2254 Περὶ
1613 2215 1639 2245 δὲ
1653 2219 1699 2252 τῆς
1710 2219 1823 2247 ἀναστά-

1056 2275 1120 2295 σεως
1139 2263 1236 2301 νεκρῶν
1260 2262 1307 2289 οὐκ
1328 2260 1467 2299 ἀνέγνωτε,
1493 2260 1532 2288 ὅτι
1556 2261 1626 2300 Ἐγώ
1649 2264 1703 2301 εἶμι
1723 2266 1737 2292 ὃ
1757 2264 1824 2298 Θεὸς

1055 2307 1188 2347 Repudia,
1209 2307 1254 2336 καὶ
1270 2307 1283 2320 *
1295 2309 1308 2335 ὃ
1327 2306 1393 2338 Θεὸς
1412 2305 1517 2341 Ἰσαὰκ,
1538 2307 1583 2335 καὶ
1599 2309 1612 2335 ὁ
1628 2309 1694 2341 Θεὸς
1712 2309 1822 2346 Ἰακώ6;

1055 2355 1112 2383 Οὐκ
1127 2353 1182 2382 ἔστι
1192 2352 1258 2385 Θεὸς
1272 2353 1385 2391 νεκρῶν,
1402 2351 1469 2380 ἀλλὰ
1484 2351 1594 2385 ζώντων.
1616 2354 1686 2393 Οὐχὶ
1704 2357 1755 2383 τῶν
1777 2357 1822 2384 οὐκ

1054 2400 1144 2435 ὄντων,
1159 2399 1235 2437 φησὶ,
1249 2398 1293 2426 καὶ
1307 2397 1427 2430 καθάπαξ
1448 2397 1651 2436 ἀφανισθέντων,
1663 2400 1708 2428 καὶ
1725 2402 1770 2429 οὐκ
1784 2401 1822 2430 ἔτι

1056 2449 1282 2487 ἀναστησομένων.
1303 2449 1343 2476 Οὐ
1364 2447 1414 2486 γὰρ
1436 2442 1521 2483 εἶπεν,
1537 2448 1624 2486 ἤμην,
1647 2450 1720 2485 ἀλλ’,
1742 2451 1821 2488 Εἰμὶ,

1064 2561 1204 2591 πραγμάτων
1217 2560 1360 2583 κατάστασιν,
1375 2555 1470 2579 omissis
1483 2555 1643 2587 interpositis,

1098 2597 1109 2607 '⁴‘
1123 2596 1161 2626 [E
1174 2594 1257 2619 Bibliis
1269 2600 1293 2618 et
1307 2593 1398 2619 Codice
1408 2595 1452 2617 694
1464 2592 1501 2617 his
1512 2593 1672 2620 addidimus&
1686 2596 1752 2627 9555]
