1876 2926
94 1462 211 1483 Monachu-

72 1500 120 1513 rum
138 1501 210 1521 npetu.

83 2154 140 2173 Gen.
157 2151 192 2175 13,

79 2185 116 2204 mi.

78 2213 218 2235 I¹sa!.21.6.

83 2250 100 2265 Ι.
116 2246 168 2265 (Dr.
183 2244 218 2265 15.

79 2282 102 2303 9.

220 190 288 237 796
542 201 570 224 s.
599 201 738 224 sommis
765 200 946 223 cunrsosr.

216 261 334 298 divitiae,
353 271 404 290 non
419 261 513 300 gloria,
528 271 579 290 non
594 261 712 291 infamia.
729 261 872 297 Quomodo
891 261 956 290 illue

977 201 1116 222 ancnntr‘
1123 216 1128 223 .
1157 201 1414 225 CONSTANTlNOP
1421 218 1426 224 .

1010 273 1066 290 νοια
1078 262 1122 291 καὶ
1136 262 1289 297 ἀλαζονεία;
1305 264 1365 292 Εἰσὶ
1383 263 1428 301 μὲν
1443 263 1493 303 γὰρ
1510 264 1555 293 καὶ
1569 264 1657 304 μικροὶ
1672 264 1716 293 καὶ
1733 275 1778 303 με-

216 314 353 347 rcceptum
374 307 489 336 habeant
505 307 630 346 superbia
654 314 680 335 et
700 306 873 345 arrogantia?
887 307 956 335 Sunt
975 316 991 338 Ε
1009 307 1085 346 γάλοι
1105 308 1173 337 κατὰ
1193 309 1236 337 τὸν
1256 310 1303 343 τῆς
1321 311 1415 349 ἀρετῆς
1435 309 1523 348 λόγον.
1548 311 1605 338 ἀλλ’
1616 310 1680 350 ὅπερ
1701 310 1779 349 ἔφην’

217 351 288 379 enim
302 358 327 379 et
339 351 441 379 minimi
456 358 481 380 et
493 352 583 390 magni
598 350 746 380 secundum
761 350 890 379 rationem
901 350 956 379 vir-

217 397 294 434 tutis;
310 397 370 433 sed,
385 403 413 425 ut
428 397 502 434 dixi,
519 408 596 425 nemo
620 398 669 425 hoe
682 396 764 425 videt.
786 395 840 430 Qui
855 406 955 435 parvus

216 451 255 473 est
273 455 324 473 non
341 445 449 483 angitur
465 444 541 482 quasi
560 443 700 483 despectus
725 454 731 470 t
755 453 831 472 nemo
855 443 955 483 qnippe

216 490 312 528 estqui
327 490 456 529 despiciat
474 489 597 524 ;etiamsi
613 500 674 518 vero
693 496 759 518 esset
770 490 817 528 qui
830 489 954 529 despice-

1010 353 1090 386 οὐδεὶς
1106 356 1180 383 τοῦτο
1193 356 1250 394 ὁρᾷ.
1263 353 1297 383 Ὁ
1315 355 1406 395 μικρὸς
1420 357 1466 384 οὐκ
1483 359 1495 376 ἕ
1506 357 1579 394 ἀλγεῖ
1596 357 1630 388 ὡς
1646 368 1779 396 καταφρο-

1009 398 1143 437 νούμενος·
1163 399 1222 428 οὔτε
1235 399 1286 440 γὰρ
1300 403 1313 429 6
1324 402 1493 442 καταφρονῶν
1513 401 1553 434 τίς
1578 403 1647 430 ἐστι·
1663 401 1710 431 κᾶν
1723 403 1779 430 δια-

1010 444 1093 484 πτύσῃ
1109 444 1136 473 δέ
1157 457 1212 480 τις,
1230 445 1313 485 τούτῳ
1327 446 1442 484 μάλιστα
1465 445 1634 475 παιδεύονται
1649 459 1779 486 καταφρο-

1009 494 1122 527 νεῖσθαι,
1147 490 1330 527 διαπτύεσθαι,
1348 491 1562 528 ἐξευτελίζεσθαι,
1579 491 1622 520 διὰ
1646 491 1780 531 ῥημάτων,

217 544 271 573 ret,
289 537 315 565 in
336 537 387 565 hoc
410 537 527 564 maxime
552 535 728 572 erudiuntur,
755 543 783 564 ut
807 536 955 573 contemni,
975 544 992 565 Λ
1010 536 1052 565 διὰ
1069 537 1248 576 πραγμάτων,
1267 537 1312 565 καὶ
1330 542 1443 576 πτωχοῖς
1464 537 1509 566 καὶ
1536 537 1680 577 ἀναπήροις
1703 549 1780 566 συνα-

216 583 329 621 despici,
349 581 478 620 vilipendi
499 588 663 618 assuescant,
675 581 775 618 verbis,
788 582 878 619 rebus,
894 592 956 610 curn

218 629 348 657 mendicis
362 636 387 656 et
411 628 512 656 mutilis
526 635 673 664 versentur,
690 635 714 657 et
734 628 761 656 in
782 639 871 657 mensa
887 629 956 668 ipso-

219 685 278 702 rum
294 674 392 702 nudtos
406 673 561 713 hujusmodi
579 674 705 703 convivas
729 674 835 711 videas3
848 675 957 713 ideoque

217 720 280 748 eaelo
295 726 356 748 sunt
377 719 461 758 digni.
478 719 553 747 Alius
576 719 686 748 vulnera
701 727 775 748 curat
790 719 868 757 aegri,
888 719 957 748 alius

217 776 317 793 eaecum
331 765 420 799 ducit,
435 765 504 793 alius
519 765 645 793 mutilum
657 772 750 804 gestat.
767 766 827 794 Non
840 766 877 794 ibi
891 766 958 794 adu-

217 812 334 840 latorum
357 819 470 847 coemm,
495 822 546 840 non
574 812 751 850 parasitorum
774 812 866 841 videas
881 824 887 839 t
905 812 958 841 imo

219 868 267 886 nec
279 858 369 886 sciunt
385 857 451 895 quid
467 857 501 886 sit
516 857 645 885 adulatio.
664 856 805 886 Undenam
829 868 891 896 ergo
915 869 959 886 su-

219 903 324 942 perbire
341 903 472 943 possent?
494 903 563 931 Nam
585 903 669 931 multa
695 903 767 942 apud
790 903 850 931 illos
875 914 960 941 arqua-

219 951 280 979 litas
302 958 340 979 est
363 962 369 978 :
392 950 451 978 ideo
466 950 550 978 multa
565 949 599 978 ad
617 950 743 979 virtutem
758 950 881 978 facilitas.
898 950 961 978 Etc-

219 997 276 1025 nim
291 996 323 1024 iis
334 995 455 1024 rudiores
475 996 562 1034 magis
577 995 772 1033 instituuntur,
787 1006 867 1033 quam
882 996 904 1024 si
917 1006 960 1024 eo-

220 1049 345 1081 gerentur
363 1042 427 1082 ipsis
441 1042 542 1081 primas
558 1042 707 1070 concedere.
723 1041 959 1077 Quemadmodum

220 1089 292 1116 enim
308 1088 447 1123 audacem,
458 1088 503 1126 qui
515 1098 656 1128 percussus
667 1088 748 1123 cedit,
760 1087 867 1116 erudire
878 1089 945 1117 solet
956 1100 961 1116 :

219 1135 258 1163 sic
271 1142 296 1163 et
310 1135 481 1163 ambitiosum
497 1135 518 1163 is
531 1135 577 1173 qui
593 1135 706 1173 gloriam
728 1146 780 1164 non
793 1135 903 1173 quaerit,
917 1136 963 1164 sed

220 1179 343 1219 despicit.
364 1180 396 1208 Id
420 1180 494 1219 quod
514 1181 554 1209 illi
576 1180 781 1219 diligentissime
803 1181 923 1209 faciunt:
937 1189 963 1211 et

222 1232 352 1262 quantum
367 1235 414 1253 nos
425 1235 586 1264 pugnamus,
602 1232 630 1253 ut
645 1224 745 1264 primas
760 1235 963 1263 consequamur,

221 1276 323 1299 tantum
347 1270 387 1298 illi
407 1270 542 1298 decertant
553 1293 560 1307 ,
576 1277 605 1298 ut
626 1280 677 1298 non
692 1277 902 1308 consequantur,
918 1270 964 1299 sed

220 1316 395 1355 dejiciantur3
410 1316 570 1355 studentque
591 1324 619 1344 nt
634 1316 742 1344 honoris
757 1317 872 1344 multum
890 1316 964 1345 defe—

221 1368 294 1397 rant,
309 1372 361 1390 non
375 1369 403 1390 ut
417 1362 553 1401 recipiant.
570 1362 696 1399 Alioquin
711 1369 800 1390 autem
812 1362 869 1401 ipsa
884 1373 963 1401 opera

222 1407 380 1435 modestiam
403 1407 530 1435 exhibere
544 1406 658 1443 docent,
681 1417 727 1434 nec
742 1407 833 1435 sinunt
852 1414 962 1435 tumere.

224 1453 291 1487 Quis
315 1452 400 1489 enim,
421 1462 525 1490 quaeso.
549 1459 648 1480 terram
671 1452 788 1489 fodiens,
803 1452 918 1491 irrigans
939 1459 963 1482 et

223 1499 356 1538 plantans,
372 1498 504 1538 sportulas
517 1505 637 1534 nectens,
650 1509 808 1536 saccumque
823 1509 961 1533 consuens,

223 1545 264 1573 vel
277 1544 328 1572 alia
342 1544 466 1582 quaedam
482 1551 608 1581 tractans,
621 1544 706 1572 altum
720 1555 847 1582 umquam
859 1545 963 1584 sapiat?

223 1590 284 1628 quis
297 1590 323 1618 in
338 1597 494 1629 paupertate
508 1590 614 1627 vix-ens,
631 1597 656 1618 et
670 1600 730 1618 cum
742 1591 812 1618 same
822 1601 945 1630 pugnans
954 1614 962 1629 ‚

223 1636 273 1664 hoe
286 1635 379 1664 morbo
393 1635 543 1664 laborabit?
557 1636 642 1664 Nemo
658 1643 734 1664 certe.
753 1636 814 1665 Ideo
833 1637 919 1665 facilis
932 1638 963 1666 il—

223 1681 256 1709 lis
268 1688 306 1709 est
320 1681 468 1709 humilitas.
490 1683 527 1709 Ac
538 1681 767 1719 quemadmodum
778 1682 822 1711 hic
834 1683 963 1712 modestia

222 1726 344 1755 difficilis
359 1734 397 1755 est
411 1727 446 1755 ob
460 1726 660 1756 multitudinem
675 1727 861 1767 plaudentium
873 1736 897 1757 et
910 1729 962 1757 mi-

223 1773 358 1802 rantium:
376 1773 414 1802 sic
433 1773 471 1801 ibi
487 1772 634 1802 admodum
653 1774 739 1802 facilis
751 1781 797 1803 est.
814 1775 963 1804 Monachus

223 1820 294 1849 enim
312 1820 453 1849 solitudini
467 1827 571 1849 tautum
591 1820 721 1857 attendit,
742 1832 804 1850 aves
830 1821 902 1851 videt
915 1833 964 1852 vo-

224 1866 320 1903 lantes,
343 1866 502 1905 arboresque
516 1874 595 1896 vento
615 1867 743 1906 agitatas,
758 1869 904 1908 spirantem
924 1880 964 1898 ze—

224 1912 359 1951 phyrum,
372 1919 499 1941 torrentes
519 1924 566 1952 per
582 1913 665 1942 valles
686 1913 792 1942 deferri.
806 1914 883 1943 Unde
902 1926 964 1954 ergo

224 1959 368 1987 extollatur
377 1959 422 1997 qui
437 1959 463 1987 in
478 1959 633 1998 hujusmodi
646 1959 790 1989 solitudine
800 1960 893 1991 vivat?
906 1962 964 1990 Non

225 2011 312 2032 tamen
325 2004 384 2032 ideo
399 2004 595 2032 exeusationem
613 2015 661 2033 nos
675 2005 848 2044 habebimus,
860 2007 922 2045 quia
937 2007 964 2035 111

226 2049 313 2078 modia
328 2050 501 2079 multitudine
512 2058 657 2088 versantes,
668 2051 753 2079 altum
763 2053 889 2092 sapimus.
903 2052 965 2081 Ete-

227 2098 282 2126 nim
296 2098 432 2126 Ahraham
447 2098 514 2127 inter
533 2098 697 2127 Chananaeos
712 2110 820 2129 versans
839 2101 944 2129 dicebat
957 2112 963 2127 :

228 2145 291 2183 Ego
317 2155 380 2172 sum
403 2151 495 2181 terra,
517 2152 544 2174 et
570 2147 662 2178 cini5;
686 2153 710 2174 et
731 2146 822 2175 David
834 2147 861 2175 in
876 2146 965 2175 medio

229 2188 358 2216 exercitu:
369 2189 434 2225 Ego
446 2195 541 2217 autem
551 2199 614 2217 sum
627 2192 743 2227 vermis,
752 2197 779 2219 et
790 2201 848 2219 non
860 2192 945 2220 Ῐιοηιο
956 2203 963 2219 .·

229 2239 253 2260 et
264 2232 398 2270 apostolus
414 2232 441 2260 in
453 2232 541 2261 medio
555 2233 632 2261 orbe:
643 2234 712 2262 Non
726 2244 788 2262 sum
798 2235 902 2274 dignus
917 2247 967 2264 νο-

229 2280 291 2307 cari
306 2279 461 2317 apostolus.
474 2279 540 2314 Quae
556 2280 638 2318 igitur
654 2281 731 2309 nobis
745 2281 795 2309 crit
806 2282 949 2311 consolatio
959 2306 966 2317 ‚

228 2336 287 2364 qnae
303 2325 434 2364 defensio,
462 2337 522 2355 eum
540 2333 577 2355 tot
592 2327 736 2366 propositis
762 2329 893 2368 exemplis
915 2341 966 2358 non

229 2371 346 2400 modeste
360 2372 489 2410 agamus?
504 2373 579 2401 Sicut
594 2374 664 2401 enim
679 2373 719 2401 illi
734 2374 807 2403 mille
822 2382 882 2403 sunt
895 2387 969 2404 eoro—

230 2417 270 2445 nis
284 2417 372 2455 digni,
397 2418 443 2455 qni
461 2418 539 2456 primi
563 2418 671 2448 virtutis
693 2419 767 2448 viam
784 2420 916 2449 inierunt:
929 2422 967 2450 sic

259 2516 269 2531 i:
281 2506 367 2531 Mon-el.
380 2510 444 2539 ἀλγεῖ
456 2510 669 2542 καταφρονούμενος.

261 2554 270 2565 ³
284 2545 329 2570 Alii
344 2549 366 2571 ἐκ
379 2549 471 2572 τούτων.
484 2546 551 2571 Ibid.
564 2547 651 2572 Morel.
664 2553 780 2580 γέμουσαι.

262 2587 273 2603 Ι)
287 2584 395 2615 Quidam
408 2586 464 2609 Mss.
479 2589 602 2620 τραύματα
615 2590 686 2615 >viem
699 2592 787 2619 ἔχοντα,

1008 583 1210 623 ναστρέφονται,
1225 582 1271 612 καὶ
1296 585 1323 612 αἱ
1342 583 1469 623 τράπεζαι
1494 585 1580 616 αὐτοῖς
1598 583 1715 612 Ωτούτων
1739 583 1781 622 γέ-

1010 640 1087 666 μουσι
1110 630 1161 657 τῶν
1179 628 1352 667 δαιτυμόνων·
1368 628 1411 657 διὰ
1432 629 1463 664 δὴ
1487 633 1562 658 τοῦτο
1582 629 1692 657 καὶτῶν
1707 630 1781 668 οὖρα-

1009 677 1059 702 νῶν
1075 675 1138 703 εἰσιν
1152 673 1226 707 ἄξιοι.
1241 674 1294 702 Καὶ
1305 676 1318 702 ὁ
1332 674 1377 712 μὲν
1395 674 1530 715 θεραπεύει
1549 673 1709 714 ιὶτραύματα
1729 676 1781 702 τῶν

1009 719 1097 755 λώόην
1113 720 1235 758 ἐχόντων,
1248 722 1261 749 ὁ
1273 719 1299 748 δὲ
1317 724 1475 760 χειραγωγεί
1489 720 1532 749 τὸν
1546 720 1650 760 τυφλὸν,
1667 723 1681 750 6
1695 719 1723 748 δὲ
1736 721 1783 758 βα-

1011 766 1097 799 στάζει
1116 766 1146 794 τὸ
1160 766 1249 798 σκέλος
1259 765 1458 806 πεπηρωμένον.
1475 767 1533 796 Οὐκ
1545 765 1583 795 ἔνι
1596 766 1715 795 κολάκων
1729 767 1783 794 ἐκεῖ

1010 814 1122 847 πλῆθος,
1139 811 1195 841 οὐδὲ
1209 811 1377 852 παρασίτων·
1402 814 1499 850 μᾶλλον
1524 811 1550 841 δὲ
1571 812 1629 842 οὐδὲ
1645 812 1661 842 ὅ
1673 812 1699 841 τί
1720 812 1784 841 ποτέ

1011 860 1066 887 ἐστι
1085 857 1208 886 κολακεία
1233 857 1314 887 ἴσασι.
1340 858 1424 888 Πόθεν
1447 854 1489 888 οἰῖν
1505 858 1535 887 ἂν
1549 858 1684 898 ἐπαρθεῑέν
1708 870 1784 894 ποτε;

1012 904 1064 932 Καὶ
1087 903 1138 943 γὰρ
1152 903 1235 939 πολλὴ
1255 906 1318 943 παρ’
1337 905 1423 937 αὐτοῖς
1445 904 1546 940 ἰσότης·
1565 905 1605 933 διὸ
1625 904 1669 934 καὶ
1681 904 1784 934 εὐκολία

1012 949 1096 984 πολλὴ
1106 951 1154 983 τῆς
1169 951 1271 989 ἀρετ-ἧς.
1290 950 1341 978 Καὶ
1355 950 1407 990 γὰρ
1420 950 1518 983 τούτοις
1542 952 1639 989 μᾶλλον
1657 953 1680 980 οἱ
1697 963 1783 980 κατα-

1014 995 1141 1035 δεέστεροι
1159 995 1339 1031 παιδεύονται,
1354 995 1370 1031 ἢ
1384 998 1406 1025 εἰ
1421 996 1607 1036 ἀναγκάζοιντο
1626 998 1711 1030 αὐτοῖς
1726 1009 1784 1026 πα-

982 1044 996 1066 ss
1016 1045 1144 1080 ραχωρεῖν
1161 1042 1213 1069 τῶν
1234 1041 1379 1081 πρωτείων.
1391 1040 1496 1081 Ἵὶσπερ
1515 1041 1567 1082 γὰρ
1587 1042 1630 1071 τὸν
1654 1042 1750 1083 θρασὺν
1772 1045 1785 1071 ὁ

1014 1086 1193 1124 πληττόμενος
1207 1086 1252 1115 καὶ
1271 1089 1440 1127 παραχωρῶν
1453 1087 1570 1116 παιδεύει
1581 1098 1588 1104 ·
1599 1087 1666 1116 οὕτω
1682 1088 1724 1117 τὸν
1745 1101 1785 1127 φι-

1015 1132 1120 1171 λότιμον
1143 1135 1157 1161 6
1182 1132 1218 1171 μὴ
1241 1132 1450 1171 ἀντιποιούμενος
1467 1131 1554 1168 δόξης,
1570 1133 1638 1162 ἀλλὰ
1654 1145 1786 1174 καταφρο-

1015 1180 1075 1206 νῶν.
1095 1179 1180 1208 Τοῦτο
1195 1178 1221 1207 δὲ
1239 1177 1305 1216 μετὰ
1322 1177 1457 1217 δαψιλείας
1472 1179 1525 1206 ἐκεῖ
1537 1181 1651 1208 ποιοῦσι·
1672 1179 1717 1208 καὶ
1737 1179 1786 1215 ὅση

1017 1224 1091 1262 μάχη
1107 1226 1170 1263 παρ’
1189 1227 1253 1262 ἡμῖν
1268 1223 1333 1263 ὑπὲρ
1347 1226 1391 1252 τοῦ
1414 1228 1501 1263 τυχεῖν
1513 1225 1564 1252 τῶν
1579 1225 1724 1264 πρωτείων,
1743 1237 1789 1255 το-

1016 1272 1105 1302 σοῦτος
1120 1269 1189 1307 ἀγὼν
1204 1269 1288 1308 ‘wip'
1301 1271 1386 1301 αὐτοῖς
1408 1269 1474 1309 ὑπὲρ
1492 1273 1536 1299 τοῦ
1551 1269 1588 1308 μὴ
1607 1275 1704 1310 τυχεῖν,
1721 1270 1789 1300 ἀλλὰ

1017 1315 1061 1344 καὶ
1079 1314 1297 1354 διακρούσασθαι,
1309 1315 1353 1343 καὶ
1377 1314 1460 1350 πολλὴ
1484 1317 1500 1350 ἡ
1519 1315 1636 1351 σπουδὴ,
1652 1316 1692 1349 τίς
1707 1318 1788 1346 πλεο-

1016 1362 1134 1396 νεκτήσει
1154 1362 1252 1399 τιμῶν,
1277 1362 1334 1389 ἀλλ’
1359 1361 1387 1389 οὔ
1409 1359 1563 1398 τιμώμενος.
1584 1360 1684 1395 Ἄλλως
1699 1361 1725 1390 δὲ
1742 1362 1787 1391 καὶ

1017 1407 1083 1436 αὐτὰ
1096 1407 1129 1436 τὰ
1147 1406 1210 1446 ἔργα
1232 1406 1377 1446 μετριάζειν
1391 1406 1487 1442 πείθει,
1503 1407 1548 1436 καὶ
1565 1409 1610 1436 οὔκ
1625 1407 1718 1448 ἀφίησι
1731 1410 1788 1447 φλε-

1016 1453 1144 1492 γμαίνειν.
1161 1453 1210 1485 Τίς
1232 1453 1296 1491 γὰρ,
1315 1452 1371 1481 εἶπέ
1392 1464 1452 1490 μοι,
1468 1455 1516 1492 γῆν
1534 1453 1667 1490 σκάπτων,
1686 1455 1731 1483 καὶ
1747 1454 1789 1494 ἄρ-

1016 1501 1077 1535 δων,
1091 1500 1135 1528 καὶ
1156 1499 1280 1538 φυτεύων,
1298 1498 1314 1534 ἢ
1332 1498 1436 1527 πλέκων
1452 1498 1615 1539 ᾱσπυρίδας,
1632 1500 1678 1528 καὶ
1692 1499 1788 1529 σάκκον

1016 1546 1138 1584 ὑφαίνων,
1154 1545 1171 1580 ἢ
1192 1546 1259 1574 ἅλλα
1278 1545 1337 1574 τινὰ
1363 1545 1567 1586 μεταχειρίζων,
1587 1546 1654 1585 μέγα
1669 1546 1790 1586 φρονήσει

1016 1592 1091 1628 ποτέ,
1110 1592 1149 1625 τίς
1161 1592 1187 1621 δὲ
1201 1591 1279 1632 πενία
1299 1593 1380 1625 συζῶν
1391 1615 1398 1628 ,
1421 1592 1465 1621 καὶ
1480 1593 1551 1631 λιμῷ
1570 1592 1701 1629 παλαίων,
1714 1595 1790 1621 τοῦτο

980 1646 998 1668 C
1016 1639 1119 1674 νοσήσει
1139 1638 1169 1666 τὸ
1182 1638 1299 1675 νόσημα,
1315 1639 1372 1666 Οὐκ
1393 1638 1461 1667 ἔστιν
1481 1637 1570 1670 οὐδείς.
1586 1638 1638 1667 Διὰ
1653 1642 1728 1667 τοῦτο
1748 1635 1790 1667 οὖν

1016 1684 1119 1717 εὔκολος
1130 1685 1217 1717 αὐτοῖς
1237 1687 1253 1719 ἦ
1265 1683 1495 1723 ταπεινοφροσύνη.
1511 1683 1563 1712 Καὶ
1581 1683 1670 1724 ὥοπερ
1682 1686 1790 1714 ἐνταῦθα

1015 1731 1130 1770 χαλεπὸν
1145 1731 1175 1759 τὸ
1197 1730 1342 1770 μετριάζειν
1358 1730 1401 1758 διὰ
1414 1730 1444 1758 τὸ
1455 1732 1553 1765 πλῆθος
1567 1731 1618 1759 τῶν
1630 1730 1791 1771 κροτούντων

1017 1777 1061 1806 καὶ
1089 1776 1290 1815 θαυμαζόντων·
1307 1775 1388 1808 οὕτως
1407 1777 1460 1804 ἐκεῖ
1481 1775 1580 1816 σφόδρα
1600 1775 1714 1806 εὔκολον.
1738 1777 1790 1806 Καὶ

1016 1822 1067 1862 γὰρ
1086 1824 1119 1860 τῇ
1142 1821 1237 1862 ἐρημίᾳ
1255 1821 1378 1861 προσέχει
1397 1821 1473 1859 μόνον
1489 1824 1599 1857 ἐκεῖνος,
1620 1822 1666 1850 καὶ
1689 1822 1792 1862 ὄρνιθας

1017 1868 1163 1906 ἱπταμένοις
1179 1870 1240 1907 ὁρᾷ,
1264 1867 1307 1895 ναὶ
1331 1867 1422 1907 δένδρα
1448 1867 1585 1905 σειόμενα,
1611 1867 1655 1896 καὶ
1682 1867 1789 1907 ζέφυρον

1017 1915 1142 1949 πνέοντα,
1163 1914 1206 1942 καὶ
1218 1913 1314 1952 ῥύακας
1330 1913 1372 1942 διὰ
1394 1913 1535 1953 φαράγγων
1548 1913 1711 1953 φερομένους.
1736 1914 1791 1942 Πό-

1018 1963 1059 1989 θεν
1073 1955 1115 1988 οὖν
1129 1959 1158 1987 ἂν
1175 1959 1297 1998 ἐπαρθείη
1317 1960 1329 1987 6
1341 1959 1438 1999 ἐρημία
1449 1959 1562 1998 τοσαύτῃ
1577 1961 1676 1994 συζῶν,
1687 1960 1727 1987 Οὔ
1745 1958 1792 1998 μὲν

1018 2006 1060 2035 διὰ
1081 2008 1156 2034 τοῦτο
1172 2005 1313 2044 ἀπολογίαν
1325 2007 1438 2034 ἐντεῦθεν
1453 2008 1530 2043 ἡμεῖς
1545 2005 1645 2043 ἕξομεν,
1660 2004 1749 2039 ἐπειδὴ
1765 2007 1791 2034 ἐν

1020 2052 1106 2090 μέσοις
1117 2051 1284 2090 στρεφόμενοι
1296 2049 1362 2089 μέγα
1373 2053 1523 2090 φρονοῦμεν.
1531 2050 1583 2079 Καὶ
1591 2049 1642 2089 γὰρ
1653 2049 1792 2090 ὃἈΕραὰμ

1019 2097 1115 2136 μεταξὺ
1130 2095 1285 2125 Χαναναίων
1307 2095 1342 2123 ὧν
1358 2095 1443 2134 ἔλεγεν
1455 2107 1460 2113 ·
1477 2095 1548 2134 Ἐγὼ
1563 2095 1590 2124 δέ
1612 2098 1666 2134 εἶμι
1689 2098 1723 2134 γῆ
1747 2096 1792 2124 καὶ

1020 2143 1113 2176 σποδός
1122 2155 1127 2160 ·
1143 2142 1187 2170 καὶ
1199 2144 1211 2170 6
1227 2141 1310 2170 Δαυὶδ
1323 2142 1347 2169 ἐν
1366 2141 1453 2179 μέσοις
1470 2141 1669 2180 στρατοπέδοις,
1682 2141 1754 2180 Ἐγὼ
1767 2141 1794 2170 δέ

984 2197 1003 2219 D
1020 2192 1075 2228 εἰμι
1097 2188 1216 2223 σκώληξ,
1228 2187 1272 2215 καὶ
1292 2188 1337 2215 οὐκ
1352 2187 1501 2227 ἄνθρωπος’
1515 2187 1560 2216 καὶ
1582 2189 1595 2215 6
1611 2186 1754 2219 ἀπόστολος
1767 2189 1792 2215 ἐν

1022 2235 1087 2273 μέσῃ
1103 2237 1135 2273 τῇ
1152 2232 1288 2271 οἰκουμένῃ
1299 2255 1305 2267 ,
1324 2233 1381 2260 Οὐκ
1399 2232 1452 2270 εἰμὶ
1465 2233 1552 2265 ἱκανὸς
1577 2233 1713 2261 καλεῖσθαι
1730 2233 1795 2261 ἀπό-

1022 2282 1118 2313 στολος.
1135 2279 1204 2308 Ποία
1225 2279 1308 2307 τοίνυν
1325 2281 1387 2317 ἡμῖν
1411 2279 1485 2307 ἔσται
1504 2278 1673 2318 παραμυθία,
1688 2279 1751 2308 ποία
1768 2278 1795 2307 δὲ

1022 2326 1161 2366 ἀπολογία,
1179 2325 1241 2355 ὅταν
1254 2325 1319 2364 μηδὲ
1334 2327 1447 2354 τοσαῦτα
1465 2324 1573 2363 ἔχοντας
1589 2324 1794 2364 παραδείγματα

1023 2371 1337 2412 μετριάζ1ι1μενςἽὶσπερ
1362 2370 1413 2409 γὰρ
1433 2372 1526 2398 ἐκεῖνοι
1547 2370 1645 2409 μυρίων
1662 2370 1794 2409 στεφάνων

1023 2422 1096 2457 ἄξιοι,
1105 2424 1256 2460 πρῶτοιτῆς
1268 2423 1360 2460 ἀρετῆς
1371 2420 1416 2455 τὴν
1428 2420 1484 2449 ὁδὸν
1494 2420 1617 2452 ἐλθόντες·
1629 2419 1708 2453 οὕτως
1719 2423 1795 2458 ἡμεῖς

1063 2519 1073 2529 ⁰
1086 2514 1145 2545 nas]
1159 2514 1257 2540 ἐκείνοις,
1269 2510 1304 2535 sic
1316 2511 1480 2543 Manuscripti
1492 2518 1542 2535 non
1559 2511 1640 2542 pauci.
1651 2509 1727 2534 Paulo
1739 2516 1796 2542 post

1030 2550 1133 2583 qnidam
1143 2555 1175 2579 τίς
1185 2553 1305 2580 πλεονεκτή
1311 2562 1339 2577 5—:1
1350 2562 1371 2576 τι
1382 2556 1459 2582 μεῖζον
1472 2552 1678 2584 καταφρονούμενος
1686 2562 1692 2581 ’,
1701 2548 1762 2575 ἀλλ’.

1067 2591 1075 2604 ¹¹
1088 2590 1157 2614 Unus
1169 2592 1270 2622 τπαρίῦκ.
