1876 2926
210 203 273 235 132
526 213 555 236 s.
583 213 725 237 1011111115
751 213 934 236 0111115051.

203 274 280 311 dere,
297 285 330 302 an
346 275 501 314 hujusmodi
515 275 664 314 spectaculo
681 275 813 303 theatrum
827 274 938 303 antefer-

965 212 1118 235 ARCHtEt’.
1146 212 1414 236 CONSTANTINOP-

1000 270 1051 314 ἆρα
1067 275 1096 302 ἂν
1114 274 1183 303 εἵλου
1199 275 1228 303 τὸ
1245 274 1349 314 θέατρον
1362 274 1420 303 ἀντὶ
1429 274 1526 304 τούτων
1542 275 1619 312 ἷδεῖν;
1636 273 1729 304 Καίτοι
1737 287 1766 314 γε

204 330 260 355 005,
278 321 381 349 etiamsi
400 321 468 349 nihil
487 321 633 349 hinelucri
655 321 750 349 referre
765 321 876 360 posses?
891 320 942 348 Hic
961 324 979 345 C
999 319 1069 349 οὐδὲν
1085 319 1142 348 οὔτε
1158 322 1209 349 ἐκεῖ
1224 321 1344 359 κερδᾶναι
1361 316 1401 355 ἦν.
1418 320 1547 349 Ἐνταῦθα
1559 320 1586 349 δὲ
1601 319 1672 359 πηγὴ
1687 320 1767 360 πυρὸς

202 377 265 395 vero
280 367 338 395 fons
353 367 421 405 ignis
436 367 584 407 spiritualis
598 378 630 395 ex
645 367 695 395 1130
710 377 799 394 11101153
814 367 940 395 scaturit:

202 419 231 440 tu
245 423 308 441 vero
323 413 372 441 1130
386 413 477 441 relicta
492 412 526 441 ad
543 413 676 441 theatrum
691 412 808 440 accurris
824 419 942 440 natantes

202 458 328 486 mulieres
342 465 506 497 spectaturus
516 481 523 495 ,
535 469 565 486 ac
582 469 677 486 sexum
691 457 768 485 illum
788 457 941 485 dehonesta-

204 510 282 540 tum,
306 505 495 543 Christumque
514 504 642 542 relinquis
668 503 732 531 sonti
756 502 916 531 assidentem
930 503 943 530 ἶ)

999 365 1161 404 πνευματικὴ
1175 366 1226 394 ἀπὸ
1237 365 1332 400 ταύτης
1347 365 1483 398 ἀναίλύζει
1501 368 1547 400 τ’ἦς
1561 366 1690 405 τραπέζης
1703 377 1709 383 ·
1722 366 1767 394 καὶ

999 410 1030 440 σὺ
1045 411 1140 446 ταύτην
1154 411 1224 450 ἀφεὶς
1233 434 1240 446 ,
1252 411 1420 451 κατατρέχεις
1436 413 1470 444 εἰς
1480 412 1510 440 τὸ
1521 411 1636 452 θέατρον,
1649 412 1709 440 ἰδεῖν
1723 422 1768 446 νη-

998 456 1112 495 χομένας
1137 461 1277 495 γυναῖκας,
1297 457 1340 485 καὶ
1362 457 1435 496 φύσιν
1451 456 1767 497 παραδειγματιζομένην,

998 501 1150 530 καταλιπὼν
1163 502 1206 531 τὸν
1224 503 1336 541 Χριστὸν
1351 502 1424 542 παρὰ
1439 502 1485 537 τὴν
1501 502 1588 541 πηγὴν
1605 503 1766 540 καθήμενον;

205 550 312 580 Etenim
330 562 400 580 nunc
413 551 604 590 quoquejuxta
616 550 715 577 sontem
729 548 815 585 sedet,
826 559 878 577 non
893 549 941 577 Sa-
951 570 987 590 111
998 548 1051 576 Καὶ
1067 548 1117 587 γὰρ
1132 548 1177 576 καὶ
1191 551 1233 577 νῦν
1250 547 1323 587 παρὰ
1337 548 1383 583 τὴν
1396 547 1482 586 πηγὴν
1494 548 1619 584 κάθηται,
1634 550 1662 577 οὐ
1674 549 1768 587 Σαμα-

204 598 363 626 maritanam
384 598 537 635 alloquens,
559 597 605 624 sed
621 603 701 624 totam
723 595 874 623 civitatem:
890 595 942 623 for·
961 598 979 620 Α
1000 592 1088 632 ρείτιδι
1104 593 1297 632 διαλεγόμενος,
1319 595 1375 622 ἀλλ’
1394 594 1527 633 ὁλοκλήρῳ
1547 593 1639 622 πόλει·
1654 593 1724 632 τάχα
1740 593 1768 623 δὲ

204 650 272 672 tasse
289 654 351 672 vero
369 654 439 671 1111110
452 648 557 681 quoque
571 641 765 670 Samaritanam
782 640 865 669 solam
877 640 941 669 allo-

204 690 303 728 quitur.
318 691 403 718 Nemo
416 690 487 717 enim
503 689 553 728 ipsi
574 698 643 716 nunc
657 687 745 723 adest,
761 687 810 715 nisi
831 686 940 725 quidam

204 746 312 775 coipore
329 743 447 771 tantum,
462 735 507 763 alii
528 741 616 761 autem
639 744 672 761 ne
693 743 802 772 corpore
822 732 940 771 quidem.

204 783 326 810 Attamen
352 782 407 820 ipse
430 791 482 809 non
506 779 603 808 recedit
614 791 621 817 3
645 779 691 807 sed
715 786 801 807 manet
817 785 909 818 potum
926 790 940 807 a

204 828 281 856 nobis
293 827 437 867 postulans,
448 836 498 854 non
513 824 673 864 aquam‚se‹l
687 825 851 853 sanctitatem
865 836 870 851 :
883 836 940 853 san-

203 881 244 902 013
258 874 358 913 quippe
372 873 469 901 sanctis
483 872 586 900 tribuit.
602 872 693 910 Neque
707 871 778 899 enim
796 882 892 909 aquam
907 881 940 900 ex

202 918 251 947 1100
272 920 342 947 sonte
362 918 476 957 praebet‚
489 918 534 946 sed
554 917 710 956 sanguinem
730 918 878 953 viventem,
893 917 940 955 qui

201 964 355 1003 symbolum
369 971 407 992 est
422 964 528 999 mortis,
545 963 591 991 sed
606 963 666 992 vitae
681 974 759 991 causa
774 970 820 991 est.
838 963 881 990 Tu
893 973 938 991 au-

202 1017 255 1038 tem
270 1010 361 1038 relicto
375 1010 444 1038 fonte
458 1009 608 1047 sanguinis,
625 1009 720 1048 poculo
732 1009 778 1037 illo
792 1007 937 1045 tremendo,

201 1055 235 1083 ad
249 1056 346 1084 fontem
361 1056 449 1094 pergis
469 1054 648 1091 diabolicum,
664 1061 692 1082 ut
707 1061 840 1082 natantem
854 1064 937 1082 mere-

200 1102 291 1130 tricem
307 1102 464 1141 conspicias,
480 1108 504 1129 et
525 1100 694 1138 naufragium
708 1100 802 1128 3111111ῑο
818 1099 935 1138 patiaris.

200 1149 274 1185 Aqua
287 1148 356 1175 enim
374 1147 419 1175 illa
433 1146 543 1185 pelagus
559 1153 597 1173 est
611 1145 745 1182 libidinis,
761 1155 811 1173 non
827 1155 936 1184 corpora

199 1193 384 1231 submergens,
396 1193 441 1221 sed
451 1193 600 1221 animarum
613 1191 749 1230 naufragia
764 1191 875 1230 pariens.
885 1191 938 1219 Sed

198 1239 246 1267 illa
260 1246 331 1267 natat
346 1239 428 1276 nuda,
443 1246 471 1266 tu
484 1249 546 1267 vero
559 1238 652 1267 videns
666 1237 826 1275 demergeris
836 1237 862 1265 in
878 1248 938 1276 pro-

199 1285 313 1313 {undum
328 1284 536 1313 libidinisssalis
547 1284 647 1323 quippe
661 1290 698 1312 cst
708 1283 809 1311 diaboli
825 1293 919 1321 sagena
931 1295 937 1311 x

199 1342 250 1360 non
265 1342 308 1359 eos
320 1331 366 1369 qui
379 1332 405 1359 in
417 1341 514 1368 aquam
526 1329 706 1366 descendunt,
720 1328 765 1357 sed
778 1329 838 1357 illos
850 1329 938 1367 potius

198 1378 244 1416 qui
267 1388 374 1406 sursum
389 1377 493 1412 sedent,
514 1386 597 1414 quam
611 1386 653 1403 005
667 1375 713 1413 (1111
734 1375 760 1402 111
776 1385 843 1412 3(1113
862 1374 937 1402 volu-

197 1432 301 1459 tantur,
317 1425 487 1461 submergere
497 1423 577 1459 50101,
593 1422 740 1459 saeviusque
753 1422 863 1449 suffocat
879 1431 936 1458 eos,

196 1481 276 1508 quam
292 1471 469 1503 Pharaonem,
480 1469 527 1506 qui
542 1478 603 1496 cum
615 1467 689 1505 equis
701 1474 726 1495 et
738 1467 860 1495 curribus
874 1474 936 1495 tunc

197 1517 332 1545 demersus
346 1522 392 1544 est.
410 1515 445 1543 Et
459 1514 480 1543 si
496 1513 605 1552 quidem
627 1513 729 1541 animas
743 1513 833 1542 videre
848 1523 934 1552 posse-

997 639 1041 666 καὶ
1055 643 1097 668 νῦν
1110 639 1282 679 Σαμαρείτιδι
1299 639 1374 678 μόνῃ.
1390 639 1481 671 Οὐδεὶς
1495 639 1546 680 γὰρ
1561 641 1630 679 αὐτῷ
1643 639 1766 679 πάρεστιν

997 684 1053 713 οὐδὲ
1070 688 1112 714 νῦν
1125 697 1130 702 ·
1148 687 1204 713 ἀλλ’
1226 687 1249 714 οἱ
1266 684 1312 723 μὲν
1327 689 1380 717 τοῖς
1401 684 1506 723 σώμασι
1522 685 1608 724 μόνον,
1625 687 1648 714 οἱ
1663 684 1689 713 δὲ
1711 685 1767 714 οὐδὲ

998 732 1091 763 αὐτοῖς.
1108 730 1175 759 Ἀλλ’
1195 730 1266 769 ὅμως
1283 730 1357 763 αὐτὸς
1374 732 1418 759 οὐκ
1432 733 1575 771 ἀναχωρεῖ,
1591 731 1658 760 ἀλλὰ
1673 734 1685 746 ³
1697 731 1767 768 μένει

997 776 1041 804 καὶ
1052 778 1114 816 παρ’
1126 779 1201 814 ἡμῶν
1214 778 1279 805 αἰτεῖ
1292 781 1369 811 πιεῖν,
1382 779 1429 815 οὐχ
1440 776 1522 816 ὕδωρ,
1536 778 1592 805 ἀλλ’
1607 775 1752 815 ἁγιωσύνην
1761 789 1766 794 ·

996 822 1030 850 τὰ
1044 822 1094 862 γὰρ
1111 823 1172 861 ἅγια
1189 827 1241 854 τοῖς
1256 821 1337 860 ἁγίοις
1353 822 1467 851 δίδωσιν.
1484 821 1552 851 Οὐδὲ
1568 821 1619 862 γὰρ
1633 821 1702 862 ὕδωρ
1716 822 1768 851 ἀπὸ

996 868 1091 903 ταύτης
1105 872 1168 907 ἡμῖν
1182 868 1292 908 παρέχει
1304 871 1350 903 τῆς
1363 871 1464 907 πηγῆς,
1483 870 1539 897 ἀλλ’
1557 864 1622 906 αἷμα
1638 869 1686 901 ζῶν
1700 879 1706 884 ·
1722 867 1767 896 καὶ

997 913 1047 951 μὴν
1063 915 1172 943 Θανάτου
1189 914 1243 943 ἐστὶ
1254 914 1392 952 σύμὸολον,
1404 914 1471 943 ἀλλὰ
1483 915 1549 948 ζωῆς
1560 913 1661 953 γέγονεν
1675 912 1766 942 αἴτιον.

995 959 1032 988 Σὺ
1051 960 1078 988 >s
1095 960 1167 998 ἀφεὶς
1183 959 1228 994 τὴν
1249 959 1335 998 πηγὴν
1350 963 1394 988 τοῦ
1410 959 1534 998 αἵματος,
1551 960 1580 988 τὸ
1600 959 1722 998 ποτήριον
1736 959 1766 987 τὸ

994 1006 1135 1044 φρικῶδες,
1159 1007 1194 1038 εἰς
1220 1005 1266 1039 τὴν
1290 1005 1376 1044 πηγὴν
1400 1005 1503 1044 ἀπέρχῃ
1530 1004 1576 1040 τὴν
1604 1003 1765 1039 διαόολικὴν,

993 1050 1060 1079 ὥστε
1077 1051 1224 1089 νηχομένην
1237 1050 1333 1089 πόρνην
1352 1052 1412 1079 ἰδεῖν
1430 1051 1475 1078 καὶ
1489 1050 1610 1088 ναυάγιον
1627 1051 1765 1087 ὑπομεῖναι

992 1097 1086 1135 ψυχῆς.
1103 1097 1142 1124 Τὸ
1155 1096 1205 1135 γὰρ
1221 1096 1290 1135 ὕδωρ
1301 1098 1383 1124 ἐκεῖνο
1399 1096 1510 1134 πέλαγος
1525 1094 1660 1134 ἀσελγείας
1676 1095 1744 1123 ἐστὶν
1756 1120 1764 1132 ‚

956 1143 973 1165 B
992 1144 1020 1170 οὐ
1035 1142 1145 1180 σώματα
1165 1146 1252 1170 ποιοῦν
1274 1141 1436 1181 ὑποῧρύχια,
1461 1141 1527 1170 ἀλλὰ
1543 1142 1632 1179 ψυχῶν
1653 1140 1764 1179 ναυάγια

993 1187 1246 1226 ἐργαζόμενον.Ἀλλ’
1258 1191 1274 1222 ἡ
1290 1187 1335 1225 μὲν
1348 1188 1456 1226 νήχεται
1465 1186 1629 1225 γυμνουμένη
1641 1186 1670 1214 τὸ
1677 1188 1763 1224 σῶμα,

993 1234 1023 1263 σὺ
1040 1234 1066 1262 δὲ
1083 1236 1148 1273 ὁρῶν
1169 1234 1344 1272 καταποντίζῃ
1361 1234 1424 1272 πρὸς
1438 1233 1481 1261 τὸν
1497 1235 1543 1268 τ’ἧς
1568 1232 1703 1271 ἀσελγείας
1718 1234 1763 1271 βυ-

994 1279 1045 1308 θόν.
1058 1278 1173 1313 Τοιαύτη
1186 1279 1236 1318 γὰρ
1246 1282 1262 1315 ἡ
1275 1283 1318 1308 τοῦ
1330 1279 1450 1307 &affixos
1467 1278 1567 1317 σαγὴνη
1579 1290 1584 1295 ·
1596 1279 1641 1306 οὐκ
1656 1280 1690 1310 εἷς
1702 1278 1763 1308 αὐτὸ

994 1325 1130 1356 κατιόντας
1143 1324 1172 1352 τὸ
1188 1324 1270 1364 ὕδωρ,
1290 1325 1347 1352 ἀλλ’
1361 1325 1456 1352 ἄνωθεν
1472 1324 1632 1362 καθημένους
1646 1326 1697 1351 τῶν
1710 1325 1763 1353 ἐκεῖ

993 1370 1199 1408 καλινδουμένων
1219 1371 1316 1407 μᾶλλον
1334 1369 1506 1409 ὑποὲρυᾈίους
1527 1374 1611 1404 ποιεῖ,
1626 1369 1671 1397 καὶ
1684 1370 1762 1409 χαλε-

992 1415 1107 1455 πώτερον
1124 1415 1261 1454 ἀποπνίγει
1280 1419 1325 1444 τοῦ
1342 1415 1445 1455 Φαραὼ
1468 1419 1512 1444 τοῦ
1530 1415 1596 1454 μετὰ
1610 1417 1661 1443 τῶν
1673 1414 1760 1443 ἵππων

992 1462 1037 1491 καὶ
1052 1464 1102 1490 τῶν
1116 1461 1239 1501 ἁρμάτων
1252 1461 1499 1494 καταποντισθέντος
1514 1461 1580 1490 τότε.
1597 1461 1648 1490 Καὶ
1665 1460 1716 1499 εἴγε
1728 1455 1759 1495 ἧν

990 1513 1075 1552 ψυχὰς
1092 1513 1162 1549 ἰδεῖν,
1176 1512 1273 1545 πολλὰς
1289 1512 1317 1540 ἂν
1339 1515 1398 1550 ὑμῖν
1419 1511 1502 1545 ἔδειξα
1522 1511 1692 1544 ἐπιπλεούσας
1705 1515 1759 1545 τοῖς

230 1623 239 1633 ³
258 1613 368 1647 Quidam
381 1619 492 1646 ἀναμένει,
506 1614 619 1646 Utraque
631 1613 704 1638 lectio
716 1613 831 1646 quadrat.

744 1735 867 1763 AMANI
890 1734 1206 1763 INTERPRETATIO.

196 1843 314 1881 undique
326 1849 520 1878 eoruscantem,
533 1848 612 1878 atque
624 1840 692 1868 inter
709 1840 798 1868 varios
816 1850 920 1878 pompm
938 1849 992 1867 suae
1007 1846 1116 1867 ornatus
1136 1839 1282 1874 sedentem,
1298 1846 1409 1877 putasne
1426 1838 1553 1867 theatrale
1573 1839 1755 1878 spectaculum

195 1891 289 1919 3111103)
300 1899 464 1929 prfflponeres
474 1888 612 1926 dignitati,
624 1898 684 1915 eum
700 1894 769 1915 certe
781 1898 812 1915 ne
822 1887 884 1914 111110
902 1886 1010 1924 quidem
1026 1886 1074 1914 tibi
1089 1886 1199 1924 aliquod
1213 1885 1384 1914 commodum
1403 1886 1587 1924 quaereretur?
1602 1888 1634 1914 At
1648 1897 1710 1915 vero
1721 1898 1755 1915 ex

196 1938 246 1965 1130
257 1947 345 1965 11101153
359 1936 541 1975 spiritualium
549 1936 607 1964 fons
619 1941 723 1963 emanat
732 1935 878 1970 bonorum,
890 1941 915 1962 et
927 1933 995 1961 hane.
1006 1940 1034 1961 tu
1047 1933 1135 1961 statim
1146 1933 1295 1971 relinquens
1306 1933 1389 1961 curris
1401 1933 1434 1961 ad
1442 1933 1587 1968 theatrum,
1600 1940 1629 1961 ut
1637 1940 1755 1962 natantes

195 1985 316 2021 feminas,
327 1991 351 2012 et
362 1995 457 2012 sexum
473 1984 550 2012 illum
565 1983 681 2022 publicis
696 1982 780 2011 oculis
796 1981 922 2010 intuearis
938 1981 1106 2020 expositum:
1120 1988 1158 2018 ut,
1175 1981 1293 2019 inquam,
1310 1981 1379 2009 istud
1395 1981 1520 2020 aspiciaS,
1533 1981 1664 2009 sedentem
1675 1982 1754 2020 juxta

195 2032 329 2060 donorum
339 2030 483 2059 caelestium
498 2030 597 2057 fontem
607 2028 744 2057 Christum
755 2027 893 2065 relinquis.
906 2028 974 2055 Nam
985 2034 1009 2055 et
1019 2027 1098 2055 modo
1109 2038 1189 2066 super
1199 2028 1297 2055 fontem
1309 2026 1380 2055 sedet
1392 2038 1443 2055 non
1455 2038 1534 2055 unam
1545 2027 1752 2065 samaritanam,

195 2079 242 2108 sed
257 2079 409 2108 universam
423 2077 559 2114 alloquens
576 2076 720 2105 civitatem.
744 2076 843 2103 Forsan
861 2085 923 2104 vero
937 2075 1016 2103 etiam
1036 2085 1105 2102 nune
1121 2075 1294 2103 Samaritanae
1306 2081 1409 2103 1311111111
1421 2074 1548 2113 loquitur.
1561 2075 1630 2103 Nam
1645 2082 1670 2103 et
1683 2085 1753 2103 nunc

195 2126 285 2154 nullus
296 2126 318 2153 ei
329 2124 429 2153 assistit
440 2136 445 2151 :
457 2123 508 2152 nisi
522 2123 594 2161 quod
612 2122 657 2151 alii
673 2121 781 2160 quidem
792 2122 855 2149 solis
866 2121 962 2149 adsunt
979 2121 1150 2160 corporibus,
1161 2121 1207 2149 alii
1226 2132 1288 2150 vero
1304 2132 1350 2149 nee
1367 2121 1431 2160 ipsis
1446 2121 1554 2159 quidem
1565 2121 1682 2160 profecto
1693 2132 1752 2150 cor-

194 2172 313 2210 poribus.
325 2173 446 2199 Attamen
460 2171 517 2209 ipse
532 2180 583 2198 non
594 2169 708 2203 recedit,
721 2169 765 2197 sed
777 2176 876 2204 manet,
887 2176 912 2197 et
927 2179 941 2196 a
954 2168 1029 2197 1101115
1041 2169 1156 2207 1105111131
1170 2176 1277 2207 potum,
1290 2179 1341 2197 non
1353 2180 1451 2206 aquam
1462 2191 1468 2203 ,
1481 2168 1527 2197 sed
1540 2169 1750 2198 sanctimoniam.

194 2218 299 2246 Sanctis
320 2217 391 2246 enim
409 2217 531 2245 Christus
547 2223 637 2245 sancta
660 2215 806 2244 distribuit.
833 2216 892 2243 Non
914 2215 985 2243 enim
1002 2226 1098 2253 aquam
1121 2215 1154 2243 de
1174 2215 1224 2243 hoc
1245 2216 1321 2243 1101115
1342 2216 1413 2243 fonte
1431 2215 1560 2253 largitur,
1580 2215 1625 2244 sed
1644 2216 1751 2254 sangui-

193 2275 253 2294 nem
265 2266 375 2299 vivum,
390 2264 435 2302 qui
450 2274 613 2302 quamquam
627 2262 662 2291 ad
677 2263 770 2291 mortis
784 2262 924 2290 dominicae
945 2262 1124 2290 testimonium
1145 2263 1275 2297 sumitur,
1289 2263 1365 2291 1101115
1380 2269 1467 2291 tamen
1485 2273 1563 2291 causa
1576 2262 1606 2291 fit
1619 2263 1689 2291 vitae.
1707 2263 1750 2291 Tu

192 2323 255 2341 vero
266 2312 393 2350 relinquis
405 2311 486 2350 hujus
503 2310 641 2349 sanguinis
658 2310 772 2345 fontem,
785 2310 945 2348 calicemque
962 2309 1152 2345 reverendum,
1170 2317 1195 2338 et
1208 2309 1240 2338 ad
1256 2309 1422 2338 diabolicum
1436 2310 1514 2338 illum
1528 2310 1626 2338 fontem
1640 2310 1750 2340 festinus

192 2360 321 2395 accurris,
339 2365 367 2387 ut
379 2359 479 2387 scilicet
492 2365 591 2398 spectes
601 2357 765 2386 meretricem
777 2364 915 2386 natantem
924 2379 931 2393 ,
940 2363 965 2385 et
977 2356 1145 2394 naufragium
1156 2357 1251 2385 animae
1263 2357 1380 2396 patiaris.
1393 2359 1466 2395 Aqua
1475 2357 1574 2396 quippe
1584 2357 1629 2385 illa
1640 2357 1750 2396 pelagus

191 2406 327 2444 quoddam
341 2412 379 2434 est
395 2406 510 2434 immane
524 2405 651 2440 luxuriae,
667 2415 719 2443 quo
729 2415 780 2432 non
789 2414 897 2443 corpora
908 2404 1130 2442 submerguntur,
1143 2403 1188 2432 sed
1206 2404 1375 2443 naufragium
1392 2404 1504 2432 infertur
1517 2404 1666 2433 animabus.
1680 2405 1749 2433 Nam

190 2454 238 2482 illa
252 2453 360 2493 quidem
372 2453 399 2481 in
411 2452 507 2481 mediis
518 2452 593 2491 aquis
604 2452 675 2480 nuda
685 2451 755 2480 ludit
770 2458 876 2487 natatu,
888 2458 917 2479 tu
934 2462 997 2479 vero
1012 2451 1045 2479 de
1058 2451 1167 2479 sublimi
1184 2459 1305 2490 spectans
1316 2451 1399 2490 gradu
1409 2474 1416 2487 ,
1431 2451 1457 2479 in
1471 2451 1594 2479 libidinis
1614 2451 1746 2490 profunda

190 2500 361 2539 demergeris.
380 2499 541 2538 Hujusmodi
558 2499 628 2527 enim
640 2498 742 2527 diaboli
756 2498 835 2535 retia,
851 2508 902 2526 non
917 2505 972 2526 tam
988 2498 1015 2525 in
1030 2498 1104 2525 illam
1120 2497 1307 2526 descendentes
1325 2509 1437 2536 aquam,
1452 2497 1543 2536 ibique
1558 2508 1585 2525 se
1598 2497 1747 2526 volutantes

191 2547 314 2585 capiunt,
329 2557 409 2585 quam
425 2556 531 2575 sursum
548 2545 674 2574 sedentes.
692 2545 780 2573 Multo
796 2544 896 2584 quippe
916 2544 943 2572 hi
961 2544 1057 2572 saevius
1077 2545 1240 2572 suffocantur
1262 2555 1343 2583 quam
1364 2544 1467 2572 Pharao
1478 2544 1523 2572 ille
1534 2543 1669 2581 quondam
1684 2554 1746 2572 cum

189 2594 312 2624 curribus
333 2593 387 2622 suis
405 2593 591 2632 equitibusque
611 2592 764 2621 submersus
780 2598 826 2620 est.
843 2592 903 2621 Jam
918 2591 938 2620 si
954 2591 1044 2629 aliquo
1060 2591 1118 2619 fieri
1131 2598 1216 2630 posset
1234 2591 1325 2625 modo,
1339 2598 1368 2619 ut
1384 2591 1461 2621 vobis
1478 2591 1532 2619 illis
1549 2597 1746 2630 supernatantes
