1866 2931
76 1274 142 1295 Psal.
165 1281 214 1297 101-

73 2501 137 2522 J'nh'.

161 2505 212 2521 101.

240 180 282 213 32
559 194 586 214 s.
616 194 755 216 somnus
783 195 971 218 cnnrsosr.

235 251 419 290 spiritualibus
433 253 626 282 exercebuntur
648 254 780 292 eloquiis3
797 255 975 284 dremonibus-

234 308 286 334 que
308 297 491 326 formidabiles
503 309 559 327 esse
572 299 735 338 poterimus,
747 300 769 328 si
786 301 907 339 linguam
928 312 974 330 no-

1005 197 1160 220 aucun-:k

1192 199 1459 223 CONSTANTINOP.

1032 259 1139 295 μᾶλλον,
1154 260 1199 287 καὶ
1216 260 1427 302 διορατικώτερον
1439 265 1501 300 ἡμῖν
1513 263 1651 303 ἐργάσεται
1663 266 1759 303 μᾶλλον
1771 266 1800 294 τὸ

1030 303 1113 342 ὄμμα.
1126 305 1178 333 Καὶ
1189 305 1240 345 γὰρ
1251 305 1295 334 καὶ
1309 306 1456 345 ὀφθαλμοὺς
1465 331 1472 343 ,
1487 308 1532 336 καὶ
1544 308 1642 347 στόμα,
1657 310 1702 338 καὶ
1719 311 1798 346 ἀκοὴν

234 349 315 371 stram
330 343 427 371 talibus
452 344 594 373 verborum
621 345 703 373 armis
721 346 872 374 muniamus
890 359 896 373 :
913 347 975 375 hinc
992 367 1014 385 23
1032 349 1073 378 διὰ
1083 353 1157 379 τοῦτο
1167 353 1230 389 ἡμῖν
1248 351 1375 387 ἐνέθηκεν,
1391 351 1433 381 ἰ’να
1449 355 1518 392 αὐτῷ
1533 355 1620 383 πάντα
1640 355 1744 390 δουλεύη
1766 356 1799 385 τὰ

233 389 371 416 oculorum
394 389 470 417 nobis
496 391 683 430 perspicacitas
705 398 826 429 augetur.
861 393 929 421 Nam
950 401 974 421 et

232 434 332 471 oeulos,
343 442 367 462 et
382 446 419 471 os,
435 442 459 462 et
476 435 598 464 auditum
621 436 680 464 ideo
699 436 726 464 in
741 437 817 465 nobis
833 438 930 476 posuit,
945 446 974 467 ut

231 480 320 508 omnia
336 480 386 520 ipsi
402 481 520 510 membra
536 482 680 518 servirent;
697 489 725 510 ut
745 493 803 520 quae
818 483 901 522 ipsius
913 491 974 513 sunt

231 526 388 564 loquamur,
400 534 428 555 ut
442 538 500 565 quae
515 528 599 567 ipsius
613 535 674 556 sunt
689 539 846 567 operemur,
869 536 897 557 ut
915 540 973 568 per-

230 579 310 611 petuo
327 573 443 612 hymnos
459 573 508 612 ipsi
524 584 666 610 canamus,
683 581 711 602 ut
726 574 874 611 gratiarum
889 575 970 604 actio-

230 629 276 647 nes
288 619 449 655 emittamus,
461 631 491 648 ac
505 631 552 659 per
574 620 631 648 haec
645 619 831 648 conscientiam
854 628 971 651 nostram

229 675 382 703 purgemus.
406 665 639 701 Quemadmodum
672 666 744 694 euim
779 676 875 706 corpus
901 679 969 707 puro

228 710 318 739 fruens
338 722 397 740 aere
422 711 553 740 valentius
580 722 605 739 ex
613 710 682 746 adet,
701 711 740 739 sic
765 718 789 740 et
814 713 902 742 anima
926 713 969 743 his

227 757 361 785 exercitiis
391 757 518 786 innutrita
545 757 721 796 philosophiae
750 758 836 797 magis
862 759 967 789 addicta

228 803 286 831 erit.

270 849 294 876 3.
312 850 406 878 Annon
427 849 501 878 vides
524 849 642 888 eorporis
654 850 758 887 oculos,
771 849 838 879 dum
853 851 879 879 in
894 852 968 880 fumo

228 902 380 931 versantur,
392 896 524 934 lacrymas
540 906 643 935 semper
654 896 780 933 fundere,
805 907 866 925 cum
880 905 969 926 autem

226 941 253 968 in
276 952 342 980 puro
357 952 427 977 aere,
448 941 474 968 in
490 948 579 979 prato,
595 941 621 969 in
636 942 770 978 fontibus,
784 942 810 970 iu
828 942 930 980 hortis,
943 950 968 972 et

226 987 430 1025 perspicaciores
442 993 466 1015 et
478 987 593 1016 saniores
607 988 683 1015 esse?
697 988 773 1016 Talis
783 995 821 1016 cst
835 995 858 1016 ct
873 989 968 1017 animae

226 1033 319 1061 oculus
330 1045 335 1060 t
346 1033 367 1061 si
379 1033 404 1061 in
416 1040 491 1072 prato
501 1033 683 1072 spiritualium
697 1033 865 1072 eloquiorum
878 1046 968 1073 pasca-

226 1086 278 1114 tur,
290 1090 383 1117 purus,
395 1079 481 1107 clarus
488 1086 510 1107 et
526 1079 667 1118 perspicax
677 1079 726 1107 erit
731 1092 739 1117 5
751 1080 790 1108 sin
803 1081 906 1108 fumum
922 1092 967 1109 sae-

226 1125 357 1152 eularium
368 1125 533 1163 negotiorum
543 1124 629 1161 adeat,
641 1125 789 1164 plurimum
804 1126 967 1166 lacrymabi-

226 1177 309 1198 turae
319 1170 401 1207 flebit,
416 1178 439 1198 et
457 1181 526 1199 nunc
541 1178 565 1199 et
580 1171 606 1199 in
623 1171 721 1199 futuro.
733 1171 857 1199 Humana
867 1172 968 1211 quippe

227 1218 330 1256 negotia
345 1218 418 1246 sumo
439 1225 501 1246 sunt
521 1218 629 1246 similia.
647 1218 760 1257 Ideoque
777 1219 882 1247 dicebat
894 1220 967 1257 quis-

224 1265 297 1304 piam
314 1276 319 1291 :
337 1265 513 1304 Defecerant
533 1267 604 1292 sicul
621 1265 727 1304 sumus
747 1266 808 1294 dies
830 1268 895 1293 mei.
913 1266 966 1294 Sed

224 1311 270 1338 ille
288 1310 396 1348 quidem
417 1310 451 1338 de
467 1310 597 1339 brevitate
618 1317 642 1338 et
660 1310 694 1338 de
715 1311 778 1349 fuga
793 1311 901 1339 mobilis
914 1312 964 1340 aevi

223 1356 358 1394 loquitur:
370 1366 418 1393 ego
428 1367 491 1385 vero
502 1366 552 1384 nou
562 1355 652 1384 dehac
659 1367 687 1384 re
701 1363 813 1393 tantum,
824 1356 870 1385 sed
884 1357 963 1385 etiam

222 1402 256 1430 de
264 1402 461 1441 perturbatione
468 1412 557 1430 rerum
566 1401 737 1441 prfeseutium
745 1402 800 1430 haec
808 1402 963 1441 accipienda

223 1459 278 1476 esse
287 1458 384 1476 censeo.
398 1447 473 1475 Nihil
480 1447 549 1475 cuim
559 1447 653 1475 mentis
662 1447 771 1475 oculum
782 1447 818 1475 ita
827 1448 896 1475 male
903 1448 962 1476 afss-

223 1495 258 1522 eit
277 1502 301 1523 et
312 1495 411 1527 turbat,
420 1501 448 1522 ut
459 1493 626 1522 saecularium
637 1505 762 1522 curarum
780 1494 924 1531 tumultus,
935 1501 960 1523 et

256 1608 264 1618 π
284 1599 384 1631 Aliquot
394 1600 450 1624 5155.
465 1599 559 1624 habent
572 1603 651 1631 ὕμνους
663 1602 777 1629 διηνεκῶς,
789 1606 814 1624 et
826 1600 929 1632 quidam
942 1601 978 1624 in-

223 1639 258 1662 fru
272 1642 447 1670 ἐκκαθαίρωμεν.

256 1680 267 1696 ¹¹
287 1677 352 1702 Alius
370 1676 627 1710 1]01)οιέυςτρερομέη,

993 395 1011 416 Λ
1031 395 1096 432 μέλη
1105 407 1110 412 ·
1122 395 1164 424 ’ἴνα
1175 396 1207 424 τὰ
1218 398 1294 425 αὐτοῦ
1305 397 1488 436 φθεγγώμεθα,
1499 399 1540 427 ἵνα
1551 399 1584 428 τὰ
1596 402 1672 429 αὐτοῦ
1678 401 1798 440 πράττω-

1030 453 1086 478 μεν,
1109 441 1150 470 ἵνα
1166 442 1269 481 ᾄδωμεν
1292 444 1360 481 αὐτῷ
1378 444 1470 481 ὕμνους
1490 448 1501 459 “
1512 445 1648 481 διηνεκεῖς,
1665 445 1707 474 ἵνα
1721 448 1798 485 εὐχα-

1030 486 1128 525 ριστίας
1144 487 1351 525 ἀναπέμπωμεν,
1362 488 1407 516 καὶ
1419 489 1461 517 διὰ
1471 489 1565 518 τούτων
1576 490 1606 519 τὸ
1617 492 1727 524 συνειδὸς
1738 493 1797 520 ἑαυ-

1027 533 1078 560 τῶν
1090 533 1284 572 ἐκκαθαίρωμεν.
1298 532 1400 573 εὨσπερ
1416 533 1466 574 γὰρ
1485 537 1561 573 σῶμα
1573 535 1646 576 ἀέρος
1667 538 1796 566 ἀπολαῦον

1026 579 1140 618 καθαροῦ
1150 578 1318 619 ὑγιεινότερον
1335 578 1420 615 ἔσται,
1433 579 1500 609 οὕτω
1516 581 1640 620 καὶψυχὴ
1653 583 1795 621 φιλοσοφω-

1025 622 1089 662 τέρα
1100 623 1230 657 τοιαύταις
1241 623 1252 639 ¹¹
1261 625 1431 664 ἐντρεφομένη
1445 626 1574 663 μελέταις.

1060 848 1121 886 Οὐχ
1140 849 1200 887 ὁρᾷς
1221 848 1265 877 καὶ
1281 848 1339 881 τοὺς
1362 852 1406 878 τοῦ
1426 849 1548 887 σώματος
1568 849 1715 890 ὀφθαλμοὺς
1730 850 1792 880 ὅταν

1023 892 1070 932 μὲν
1092 895 1117 922 ε’ν
1138 896 1229 934 καπνῷ
1253 895 1438 934 διατρίῧωσιν,
1460 896 1600 928 διαπαντὸς
1617 896 1774 937 δακρύοντας
1787 909 1793 914 ·

1022 938 1083 967 ὅταν
1099 938 1125 967 δὲ
1138 941 1163 968 ἐν
1179 939 1235 979 ἀέρι
1249 941 1352 979 λεπτῷ,
1364 940 1408 968 καὶ
1425 945 1534 979 πηγαῖς,
1546 942 1591 969 καὶ
1611 942 1792 980 παραδείσοις,

1022 984 1153 1025 ὀξυτέρους
1174 997 1203 1014 τε
1223 985 1370 1024 γινομένους
1391 985 1435 1014 καὶ
1458 986 1653 1025 ὑγιεινοτέρους,
1671 987 1794 1021 Τοιοῦτος

1021 1030 1065 1058 καὶ
1087 1033 1100 1058 ὁ
1119 1033 1165 1065 τῆς
1186 1032 1271 1070 ψυχῆς
1292 1031 1438 1070 ὀφθαλμός·
1457 1031 1486 1059 ἂν
1509 1031 1555 1069 μὲν
1578 1031 1629 1072 γὰρ
1645 1034 1670 1061 ἐν
1687 1034 1724 1072 τῷ
1740 1034 1792 1061 λει-

1021 1078 1088 1114 μῶνι
1110 1079 1160 1104 τῶν
1184 1079 1367 1114 πνευματικῶν
1397 1076 1524 1115 βόσκηται
1546 1077 1655 1116 λογίων,
1680 1079 1792 1118 καθαρὸς

1021 1121 1093 1150 ἔσται
1104 1122 1148 1150 καὶ
1160 1122 1266 1161 διαυγὴς
1277 1122 1321 1150 καὶ
1332 1121 1486 1161 ὀξυδερκῶν·
1501 1122 1530 1150 ἂν
1547 1123 1574 1151 δὲ
1589 1125 1624 1156 εἷς
1639 1124 1682 1152 τὸν
1693 1125 1791 1153 καπνὸν

1019 1170 1070 1196 τῶν
1093 1169 1222 1206 βιωτικῶν
1244 1167 1308 1206 ἀπίῃ
1335 1168 1516 1207 πραγμάτων,
1539 1168 1693 1209 δακρύσεται
1710 1169 1791 1209 μυρία

1019 1213 1063 1241 καὶ
1086 1213 1242 1248 κλαύσεται,
1259 1213 1303 1241 καὶ
1326 1217 1369 1242 νῦν
1391 1214 1436 1242 καὶ
1461 1214 1528 1243 τότε.
1551 1215 1604 1243 Καὶ
1624 1214 1675 1254 γὰρ
1698 1218 1790 1256 καπνῷ

1019 1259 1085 1288 ἔοικε
1099 1259 1131 1288 τὰ
1143 1259 1292 1299 ἀνθρώπινα
1304 1259 1457 1298 πράγματα.
1470 1260 1521 1289 Διὰ
1536 1264 1611 1289 τοῦτο
1630 1260 1676 1289 καί
1688 1273 1726 1294 τις
1737 1261 1791 1290 ἕλε-

1019 1318 1078 1344 γεν·
1100 1305 1248 1338 Ἔξέλειπον
1269 1306 1331 1334 ὡσεὶ
1351 1306 1448 1338 καπνὸς
1472 1309 1499 1334 αἱ
1516 1306 1615 1347 ἡμέραι
1638 1319 1697 1345 μου.
1720 1307 1788 1336 Ἀλλ’

1019 1353 1113 1384 ἐκεῖνος
1130 1351 1176 1390 μὲν
1193 1351 1256 1391 πρὸς
1269 1351 1299 1379 τὸ
1310 1351 1483 1391 ὀλιγοχρόνιον
1502 1351 1561 1380 ἰδὼν
1582 1352 1627 1380 καὶ
1643 1352 1789 1382 ἀνυπόστα-

1017 1410 1059 1427 τον
1069 1410 1074 1415 ·
1087 1398 1137 1436 ἐγὼ
1154 1397 1179 1425 δὲ
1195 1399 1240 1426 οὐκ
1254 1399 1289 1430 εἷς
1301 1401 1374 1426 τοῦτο
1395 1397 1481 1435 μόνον,
1493 1398 1560 1427 ἀλλὰ
1574 1397 1619 1427 καὶ
1635 1400 1689 1431 “eie
1700 1399 1730 1428 τὸ
1742 1411 1788 1428 τα-

1018 1445 1133 1484 ραχῶδες
1154 1443 1254 1481 εἴποιμι
1275 1442 1304 1470 ἂν
1331 1443 1381 1471 δεῖν
1405 1443 1577 1481 ἓκλαμὸάνειν
1600 1444 1633 1472 τὰ
1654 1444 1787 1484 εἰρημένα.

1016 1493 1098 1523 Οὐδὲν
1113 1493 1163 1532 γὰρ
1176 1493 1243 1522 οὕτω
1258 1494 1334 1521 λυπεῖ
1345 1494 1430 1531 ψυχῆς
1450 1493 1581 1532 ὀφθαλμὸν
1598 1494 1644 1522 καὶ
1659 1495 1741 1530 θολοῖ,
1752 1496 1787 1528 ὡς

1059 1606 1068 1617 ²
1089 1598 1174 1624 Morel.
1187 1603 1215 1626 εἰς
1228 1603 1253 1624 τὸ
1266 1600 1407 1633 ἀραχνῶῖες,
1420 1598 1495 1622 Savil.
1511 1601 1653 1632 ταραχῶδες,
1667 1604 1692 1624 et
1704 1600 1739 1624 sic
1752 1599 1786 1624 lc-

1028 1637 1064 1669 git
1078 1639 1200 1668 Anianus,
1214 1638 1257 1669 qui
1269 1638 1343 1661 vertit
1355 1638 1390 1661 ml
1403 1637 1587 1662 turbulenciam.

774 1770 897 1799 ANUM
920 1769 1236 1799 INTERPRETATIO.

222 1878 293 1907 libus
310 1887 462 1906 exercemur
486 1876 616 1914 eloquiis:
634 1882 657 1903 et
674 1874 842 1903 daemonibus
868 1875 962 1903 terrori
983 1885 1038 1903 esse
1058 1874 1213 1914 poterimus,
1242 1874 1362 1912 linguam
1378 1881 1495 1903 nostram
1517 1874 1611 1903 talium
1630 1875 1711 1904 armis
1726 1886 1784 1904 mu-

225 1924 321 1953 niendo
335 1923 476 1951 verborum
487 1946 492 1957 ,
504 1929 529 1950 et
539 1929 602 1950 tuuc
613 1922 740 1960 majorem
750 1921 799 1949 Dei
816 1921 930 1959 gratiam
944 1920 1093 1949 valebimus
1104 1920 1258 1959 promereri.
1270 1920 1340 1948 Hinc
1348 1920 1417 1948 enim
1428 1921 1524 1949 mentis
1535 1928 1627 1949 vestrm
1638 1928 1662 1949 et
1673 1932 1784 1950 acumen

222 1977 343 2009 augetur,
359 1970 491 1997 etlumen.
508 1970 577 1997 Nam
590 1975 614 1996 et
625 1968 724 2005 oculos,
739 1975 763 1996 et
774 1978 812 2003 os,
825 1974 849 1995 et
863 1967 986 1995 auditum
1000 1974 1138 2006 propterea
1154 1966 1243 2006 posuit
1256 1967 1282 1994 in
1295 1967 1371 1994 nohis
1386 1968 1468 2003 Deus,
1483 1974 1512 1995 ut
1526 1967 1614 1995 omnia
1631 1967 1681 2006 ipsi
1701 1978 1784 1996 mem-

222 2016 269 2043 bra
283 2015 409 2043 servirent
423 2026 428 2041 ε
442 2021 469 2042 ut
484 2025 542 2051 qua>
553 2014 637 2052 ipsius
651 2020 712 2042 sunt
724 2012 875 2049 audiamus,
892 2024 950 2051 quae
961 2013 1055 2052 ipsius,
1068 2012 1211 2051 loquamur
1225 2024 1231 2046 ς
1244 2023 1302 2050 quoe
1313 2012 1407 2050 ipsius,
1423 2024 1526 2052 semper
1536 2024 1693 2052 operemur,
1709 2014 1784 2051 eique

221 2061 312 2090 laudes
323 2072 447 2089 canamus
458 2060 586 2096 assiduas,
601 2067 626 2088 et
641 2060 739 2098 gratias
754 2071 800 2099 per
816 2066 910 2088 cuneta
921 2060 1073 2095 referamus,
1092 2070 1189 2098 perque
1206 2059 1263 2087 haec
1279 2059 1366 2087 omnia
1392 2060 1557 2088 eonscientiae
1577 2067 1671 2088 nostrae
1685 2067 1783 2088 secreta

222 2108 389 2137 mundemus.
405 2108 478 2136 Sicut
490 2107 560 2135 enim
573 2118 668 2146 corpus
678 2106 751 2144 quod
765 2106 833 2135 aeris
849 2106 965 2145 puritate
975 2106 1128 2145 perfruitur,
1145 2106 1233 2134 sanius
1250 2105 1280 2133 fit
1296 2118 1301 2132 :
1319 2105 1356 2133 sic
1371 2106 1486 2145 profecto
1497 2106 1576 2135 etiam
1589 2107 1678 2135 anima
1693 2106 1724 2134 fit
1740 2117 1781 2135 sa-

222 2155 343 2194 pientior,
356 2155 401 2182 tali
412 2153 582 2182 meditatione
598 2153 734 2181 innutrita.

263 2211 288 2238 5.
304 2210 397 2237 Nonne
411 2208 484 2237 vides
496 2208 575 2236 etiam
590 2208 708 2247 corporis
722 2207 825 2243 oeulos,
842 2218 903 2235 cum
918 2207 945 2235 in
959 2207 1033 2235 sumo
1048 2207 1114 2235 forte
1128 2213 1310 2243 remorantur,
1326 2206 1459 2246 lacrymas
1475 2218 1579 2247 semper
1591 2207 1746 2236 effundere:
1760 2208 1783 2237 si

222 2268 284 2285 vero
299 2257 433 2296 potiantur
445 2267 503 2284 aere
518 2262 644 2294 purgato,
659 2262 683 2283 et
699 2254 854 2283 florentibus
870 2255 966 2294 pratis,
982 2262 1007 2283 et
1025 2255 1109 2283 hortis
1124 2255 1287 2289 virentibus,
1303 2261 1328 2282 et
1342 2255 1460 2282 fontibus
1475 2255 1543 2283 inter
1556 2266 1660 2284 amoena
1675 2255 1782 2284 fluenti-

224 2304 286 2339 bus,
304 2311 327 2332 et
341 2304 459 2332 saniores
470 2314 536 2336 esse,
547 2303 686 2341 multoque
696 2303 796 2341 majore
805 2302 870 2330 aciei
882 2302 986 2340 fulgore
1000 2301 1127 2330 rutilare?
1142 2302 1217 2330 Talis
1231 2302 1347 2341 profecto
1359 2309 1397 2330 est
1411 2309 1434 2330 et
1449 2302 1544 2330 mentis
1557 2303 1658 2331 oculus.
1674 2303 1702 2331 Si
1712 2303 1783 2331 enim

222 2351 248 2379 in
261 2351 344 2390 pratis
359 2350 505 2390 spiritualis
516 2357 640 2389 pascatur
652 2350 764 2387 eloquii,
775 2350 823 2377 erit
835 2356 905 2377 totus
918 2350 974 2377 sine
986 2349 1070 2378 dubio
1083 2360 1166 2389 purus
1174 2360 1204 2377 ac
1215 2349 1333 2385 lucidus,
1344 2356 1367 2377 et
1379 2349 1482 2377 acutius
1493 2357 1585 2378 cuncta
1600 2350 1764 2388 perlustrans
1776 2361 1782 2377 t

222 2399 244 2426 si
255 2409 318 2427 vero
334 2398 360 2425 in
375 2398 479 2425 sumum
495 2397 663 2425 §secularium
678 2396 846 2434 negotiorum
861 2395 940 2424 fuerit
960 2396 1105 2434 ingressus,
1118 2395 1152 2424 ad
1165 2395 1302 2423 innumera
1319 2406 1428 2434 prorsus
1442 2395 1512 2424 mala
1526 2395 1736 2435 lacrymabitur,
1751 2406 1783 2424 ac

223 2445 310 2481 ssebit,
326 2451 350 2472 et
365 2444 392 2471 in
406 2444 456 2471 hoe
469 2443 578 2481 quidem
593 2443 705 2479 saeculo,
718 2442 763 2471 sed
778 2442 863 2471 multo
878 2443 995 2471 amarius
1010 2442 1037 2470 in
1052 2443 1151 2470 futuro.
1169 2443 1253 2470 Fumo
1265 2442 1335 2470 enim
1352 2449 1412 2470 sunt
1424 2443 1540 2470 humana
1555 2442 1659 2480 negotia
1674 2453 1782 2481 compa—

224 2491 315 2520 randa.
332 2491 472 2529 Propterea
485 2497 509 2518 et
524 2490 568 2517 ille
583 2490 619 2518 ait
636 2501 641 2516 :
657 2491 833 2530 Dqfi’eermz!
849 2490 1036 2529 sicutsnmus
1051 2490 1111 2517 dies
1134 2492 1200 2517 mei.
1215 2489 1267 2517 Sed
1283 2489 1328 2517 ille
1342 2488 1450 2527 quidem
1471 2489 1504 2517 de
1523 2489 1654 2518 brevitate
1674 2490 1740 2527 hoc,
1755 2497 1781 2518 et

225 2539 286 2576 fuga
297 2537 414 2576 quadam
426 2537 506 2576 liujus
518 2537 587 2565 dixit
603 2537 695 2565 astatis.
710 2536 768 2575 Ego
782 2547 845 2565 vero
860 2547 912 2565 non
927 2536 1024 2565 adhoc
1038 2536 1124 2564 solum
1135 2558 1141 2571 ‚
1153 2547 1246 2564 verum
1262 2536 1341 2564 etiam
1356 2536 1389 2564 ad
1406 2536 1594 2565 turbulentiam
1609 2547 1698 2565 rerum
1713 2547 1780 2575 prae-

227 2586 339 2614 ,sentium
354 2584 407 2613 diei
424 2595 499 2623 posse
514 2584 582 2612 istud
599 2584 710 2623 accipio.
722 2584 798 2612 Nihil
814 2584 883 2613 enim
900 2585 934 2613 ita
950 2584 1040 2613 oeulos
1055 2584 1149 2612 anima·
1165 2584 1344 2613 contristatae
1358 2584 1461 2618 turbat,
1476 2591 1505 2612 ut
1520 2584 1686 2613 saecularium
1701 2584 1778 2612 turba
