1866 2931
115 591 210 617 Spiritus

69 623 168 648 .qwratio
177 623 211 641 in-

71 653 160 679 Virgiue
168 660 210 672 nnn

67 692 87 702 m
97 685 208 712 ploranda.

223 193 268 227 58
546 206 574 227 S.
603 205 742 227 JOANle
769 204 950 227 CunYSOST.

222 267 274 294 ritu
298 273 387 294 saneto
411 266 703 305 concepisse;alioquin
724 266 798 294 illam
819 276 866 295 nee
887 266 959 305 apud

221 323 248 339 se
261 312 425 348 retinuisset,
440 322 487 340 nec
501 312 527 339 in
542 311 602 339 aliis
615 322 663 340 suo
677 312 824 340 ministerio
833 312 958 350 dignatus

220 365 294 386 esset.
306 358 431 397 Apposite
442 365 530 386 autem
542 364 566 386 et
577 358 645 386 illud
657 358 763 398 adjecit,
776 361 901 387 Inventa
916 366 956 388 es(

220 406 339 432 inulero
352 406 476 439 lzahens;
490 404 518 432 id
533 404 603 442 quod
622 404 675 432 dici
688 405 753 433 solet
768 405 794 433 in
809 405 889 433 rebus
903 412 958 433 stu-

220 450 329 488 pendis,
352 461 411 488 qua„¹
446 457 540 489 praeter
568 461 643 489 spem
675 458 700 479 et
735 452 958 489 exspectationem
977 453 993 474 Β

220 507 324 525 omnem
335 496 467 525 accidunt.
480 498 520 525 Ne
534 497 617 535 igitur
627 497 696 524 ultra
707 496 843 536 procedas,
855 497 959 535 nequid

219 554 322 581 qua‘ras
343 543 414 571 ultra
435 554 464 571 ea
483 554 541 582 qua*v
559 543 631 571 dicta
650 549 720 575 sunt,
741 552 826 580 neque
848 542 958 579 dixeris,

220 589 361 624 Quomodo
373 589 490 627 Spiritus
502 596 609 617 sanctus
624 588 651 616 id
663 598 695 615 cx
713 587 824 625 Virgine
836 595 959 626 operatus

221 636 277 664 est?
287 635 316 664 Si
331 635 400 663 enim
422 641 515 663 natura
532 641 656 674 operante
675 644 751 661 nemo
761 640 847 672 potest
861 634 958 663 sorma-

221 682 299 710 tionis
322 681 433 709 modum
454 681 596 719 explicare,
611 678 744 717 quomodo
760 679 862 718 Spiritu
877 680 957 709 mira-

219 727 309 755 biliter
320 733 422 765 agente,
437 726 583 765 poterimus
594 725 649 752 haec
661 724 821 764 explanare?
833 726 873 753 Ne
884 725 957 754 'enim

216 773 407 811 evangelistam
428 782 538 801 vexares
553 778 577 799 et
593 770 752 809 importunis
764 770 956 808 quaestionibus

216 821 372 858 exagitares,
383 819 439 858 ipse
454 817 589 846 enuntiato
600 817 722 845 miraculi
733 824 839 845 auctore
851 828 906 846 sese
915 817 956 846 his

215 866 340 894 omnibus
359 864 492 893 liberavit.
509 863 584 891 Nihil
608 862 678 890 ultra
700 862 763 899 scio,
784 862 879 900 inquit,
905 863 957 891 nisi

216 912 265 940 hoc
280 923 294 940 a
309 911 412 950 Spiritu
434 911 535 937 l'aetum
558 919 620 937 esse.
635 909 801 937 Erubescant
816 908 835 937 ii
854 909 900 946 qui
913 920 956 937 su—
973 914 991 936 C

214 970 323 997 pernam
337 957 531 997 generationem
541 956 672 984 curiosius
683 956 830 995 explorant.
843 955 872 984 Si
887 956 957 984 enim

217 1005 283 1032 bane
293 1015 350 1042 qua·
363 1002 509 1031 innumeris
520 1002 630 1030 testibus
643 1001 801 1037 celebratur,
811 1008 835 1029 et
847 1008 908 1029 ante
921 1009 957 1030 tot

215 1050 310 1077 szecula
326 1048 503 1088 praenuntiata
524 1048 609 1075 fuerat
622 1057 680 1084 quae
701 1054 726 1075 et
741 1047 825 1075 oculis
838 1054 862 1075 et
874 1048 956 1076 tactui

215 1096 306 1135 pervia
324 1095 384 1130 fuit,
399 1104 475 1122 nemo
487 1099 572 1132 potest
589 1092 723 1131 explicare
738 1104 744 1119 ε
762 1092 788 1120 in
803 1103 883 1130 quem
904 1103 954 1121 non

214 1142 321 1170 insaniae
335 1140 474 1169 cumulum
488 1139 634 1167 deveniunt
648 1139 675 1172 ii,
690 1139 735 1176 qui
746 1148 869 1166 arcanam
880 1139 955 1167 illam

215 1188 318 1215 curiose
329 1193 482 1215 scrutantur
496 1192 520 1213 et
535 1185 696 1223 explorant?
713 1186 802 1223 Neque
816 1185 886 1213 enim
902 1186 956 1213 Ga-

215 1233 291 1267 briel,
307 1242 391 1270 neque
406 1231 551 1259 Mattbauis
565 1230 640 1258 aliud
655 1230 793 1269 quidpiam
807 1230 895 1259 dicere
909 1242 955 1269 po-

215 1286 330 1314 tuerunt,
346 1278 396 1306 nisi
411 1277 482 1316 quod
496 1288 529 1305 ex
543 1277 644 1315 Spiritu
660 1283 738 1305 natus
757 1276 804 1313 sit3
820 1277 955 1315 quomodo
970 1297 978 1305 r

214 1332 303 1353 autem
315 1331 339 1353 et
353 1335 405 1362 qua
417 1323 518 1351 ratione
541 1333 574 1350 ex
589 1323 692 1361 Spiritu
707 1329 785 1350 natus
806 1322 849 1358 sit,
864 1323 955 1351 nullus
972 1325 990 1346 Α

214 1381 305 1399 eorum
316 1370 502 1408 interpretatus
522 1375 560 1396 est
572 1378 672 1406 3neque
684 1367 754 1396 enim
769 1367 796 1395 id
808 1367 865 1396 fieri
883 1375 954 1407 pote-

215 1424 262 1445 rat.
279 1416 369 1454 Neque
388 1414 526 1443 arbitrcris
538 1421 563 1442 te
573 1420 657 1441 totum
679 1413 818 1441 edidicisse
834 1424 895 1441 cum
909 1425 955 1442 au-

213 1463 264 1497 dis,
279 1462 322 1490 Ex
342 1462 444 1501 Spiritu
457 1473 462 1488 :
475 1471 535 1488 nam
550 1467 691 1499 postquam
716 1460 766 1488 hoc
785 1459 953 1495 edidicimus,

215 1509 297 1536 multa
307 1508 397 1536 adhuc
412 1507 580 1545 ignoramus,
591 1506 707 1545 exempli
720 1517 807 1543 causa,
820 1506 953 1545 quomodo

248 1608 259 1625 ¹·
268 1605 322 1631 XM*
329 1610 341 1634 ὴ
348 1610 390 1635 ὅτι,
397 1606 430 1628 sie
439 1603 515 1628 Savil.
523 1603 596 1628 etalii
605 1602 773 1627 rectoMorel.
782 1606 834 1628 ἀλλ’
843 1607 884 1631 ὅτι,
894 1611 1031 1635 perperam.

983 205 1134 228 mutiunt).

1164 208 1433 230 CONSTANTINOP-

1013 267 1084 305 γείας
1106 268 1136 296 τὸ
1153 269 1331 307 γεγενημένον,
1353 272 1397 298 οὐκ
1422 270 1451 298 ἂν
1475 271 1600 309 κατέσχε,
1627 272 1672 300 καὶ
1695 272 1778 301 τᾶλλα

1012 314 1097 342 πάντα
1112 314 1267 353 ὑπηρέτησε.
1286 316 1386 354 Κυρίως
1401 316 1427 344 δὲ
1442 316 1540 356 σφόδρα
1556 317 1600 344 καὶ
1614 317 1659 351 τὸ,
1676 317 1777 356 Εὑρέθη

1013 361 1037 388 ἓν
1055 360 1148 399 γαστρὶ
1160 360 1254 398 ἔχουσα
1263 382 1270 395 ,
1282 360 1393 389 τέθεικεν
1404 373 1410 378 ·
1422 361 1485 401 ὅπερ
1498 362 1540 390 ἐπὶ
1550 364 1601 390 τῶν
1614 362 1777 402 παραδόξων,

1012 405 1056 432 καὶ
1075 407 1136 444 παρ’
1153 405 1245 433 ἐλπίδα
1264 410 1350 434 πᾶσαν
1372 406 1553 442 ἐκόαινόντων,
1568 407 1612 436 καὶ
1627 410 1655 436 οὖ
1669 408 1779 447 προσδο-

1012 450 1136 488 κωμένων
1148 450 1268 488 λέγεσθαι
1282 451 1363 481 εἴωθε.
1376 452 1422 487 Μὴ
1433 452 1515 481 τοίνυν
1530 454 1676 493 περαιτέρω
1688 453 1778 493 χώρει,

1014 496 1079 534 μηδὲ
1099 497 1169 531 ζήτει
1185 496 1262 525 πλέον
1277 509 1302 525 τι
1317 499 1368 525 τῶν
1386 498 1538 537 εἰρημένων,
1560 498 1624 536 μηδὲ
1641 499 1716 537 λέγε,
1734 499 1778 527 καὶ

1012 544 1067 574 πῶς
1079 542 1108 570 τὸ
1119 543 1227 579 Πνεῦμα
1243 543 1381 581 εἰργάσατο
1392 547 1466 571 τοῦτο
1481 545 1509 572 ἐκ
1523 543 1662 582 παρθένου;
1681 545 1714 572 Εἰ
1728 543 1778 584 γὰρ

1012 590 1057 623 τῆς
1079 588 1177 626 φύσεως
1202 588 1374 626 ἐργαζομένης
1400 589 1522 618 ἀδύνατον
1549 591 1706 628 ἑρμηνεῦσαι
1731 592 1778 624 τῆς

1012 633 1175 665 διαπλάσεως
1195 633 1237 661 τὸν
1257 633 1362 673 τρόπον,
1383 636 1438 666 πῶς
1451 638 1495 663 τοῦ
1510 635 1663 672 Πνεύματος
1677 637 1778 673 θαυμα-

1010 682 1173 718 τουργοῢντος
1191 678 1352 716 δυνησόμεθα
1368 683 1450 708 ταῦτα
1472 681 1565 714 εἷπεῑν;
1587 679 1646 709 Ἵνα
1667 680 1717 720 γὰρ
1741 680 1776 718 μὴ

1011 724 1133 763 σκώπτῃς
1157 725 1200 753 τὀν
1221 725 1414 763 εὐαγγελιστὴν,
1440 725 1505 763 μηδὲ
1531 727 1637 764 ἐνοχλῇς
1666 729 1778 765 συνεχῶς

1010 773 1091 798 ταῦτα
1114 771 1226 809 ἐρωτῶν,
1252 769 1330 799 εἰπὼν
1358 771 1402 799 τὀν
1429 771 1604 811 ἐργασάμενον
1627 771 1657 800 τὸ
1676 773 1777 809 θαῦμα,

1011 816 1159 854 ἀπηλλάγη.
1178 815 1259 844 Οὐδὲν
1273 815 1323 856 γὰρ
1337 811 1409 851 οἶδα,
1423 817 1510 855 φησὶν,
1532 817 1620 853 πλέον,
1635 819 1692 846 ἀλλ’
1707 817 1724 851 ἢ
1739 817 1779 846 ὅτι

1010 863 1039 890 ἐκ
1052 861 1203 899 Πνεύματος
1222 862 1310 900 γέγονε
1324 863 1353 890 τὸ
1366 863 1546 900 γεγενημένον.
1562 863 1781 902 Αἰσχῃυνέσθωσανι

1010 908 1032 935 οἱ
1047 906 1092 941 τὴν
1108 907 1162 935 ἅνω
1176 907 1404 947 περιεργαζόμενοι
1424 908 1551 946 γέννησιν.
1569 910 1600 937 Εἰ
1615 908 1665 948 γὰρ
1681 909 1778 944 ταύτην

1010 951 1055 987 τὴν
1081 952 1184 991 μυρίους
1209 952 1318 991 ἔχουσαν
1345 953 1490 993 μάρτυρας,
1516 954 1560 982 καὶ
1581 955 1632 994 πρὸ
1651 954 1778 983 τοσούτων

1010 999 1232 1037 ἀνακηρυχθεῖσαν
1253 998 1363 1037 χρόνων,
1381 999 1425 1026 καὶ
1445 1003 1578 1037 φανεῖσαν,
1597 999 1641 1028 καὶ
1658 1001 1781 1038 ψηλαφη-

1010 1046 1105 1079 οεῖσαν,
1124 1044 1204 1076 οὐδεὶς
1222 1046 1379 1083 ἑρμηνεῦσαι
1405 1044 1528 1073 δύναιτ-αι’
1556 1045 1632 1074 ποίαν
1659 1046 1779 1074 καταλεί-

1008 1101 1084 1118 πουσι
1112 1089 1205 1127 μανίας
1225 1089 1369 1129 ὑπερῧολὴν
1392 1092 1415 1118 οἱ
1439 1089 1485 1125 τὴν
1509 1090 1655 1130 ἀπόῤῥητον
1679 1091 1778 1126 ἐκείνην

1009 1135 1252 1175 περιεργαζόμενοι,
1273 1136 1318 1164 καὶ
1335 1137 1626 1175 πολυπραγμονοῦντες;
1644 1136 1712 1165 Οὐδὲ
1727 1136 1778 1176 γὰρ

1009 1184 1021 1209 ὃ
1046 1181 1181 1221 Γαὸριῆλ,
1204 1180 1259 1210 οὐδὲ
1279 1184 1292 1209 ὁ
1310 1182 1444 1214 Ματθαῖος
1467 1181 1624 1217 ἐδυνήθησαν
1650 1194 1676 1210 τι
1699 1183 1777 1211 πλέον

1009 1228 1099 1261 εἰπεῖν,
1115 1226 1126 1241 ¹³
1136 1228 1191 1255 ἀλλ’
1208 1226 1224 1260 ἢ
1239 1226 1278 1255 ὅτι
1297 1229 1327 1255 ἐκ
1340 1227 1493 1264 Πνεύματος
1509 1227 1585 1265 μόνον
1596 1239 1601 1245 ·
1620 1228 1650 1256 τὸ
1665 1227 1691 1256 δὲ
1701 1250 1708 1263 ,
1722 1231 1778 1261 πῶς

1009 1274 1037 1300 ἐκ
1050 1272 1215 1310 Πνεύματος,
1231 1272 1275 1300 καὶ
1289 1271 1339 1300 τίνι
1353 1272 1455 1312 τρόπῳ,
1472 1273 1551 1305 οὐδεὶς
1576 1273 1671 1302 τούτων
1691 1273 1777 1313 ἡρμή-

1007 1329 1093 1346 νευσεν
1105 1329 1111 1335 ·
1126 1317 1182 1346 οὐδὲ
1201 1317 1252 1356 γὰρ
1270 1318 1375 1346 δυνατὸν
1397 1313 1438 1352 ἦν.
1462 1318 1536 1352 Μηδὲ
1554 1318 1663 1357 νομίσῃς
1678 1315 1708 1347 ‘tiz
1725 1323 1777 1348 πᾶν

1008 1363 1203 1400 μεμαθηκέναι,
1223 1365 1252 1391 ἐκ
1266 1362 1419 1401 Πνεύματος
1435 1363 1534 1392 ἀκούων
1545 1375 1550 1381 ”
1567 1365 1611 1392 καὶ
1629 1364 1680 1404 γὰρ
1693 1365 1778 1394 πολλὰ

1007 1410 1146 1447 ἀγνοοῦμεν
1165 1409 1218 1445 ἔτι,
1237 1409 1282 1437 καὶ
1300 1412 1374 1438 τοῦτο
1394 1409 1578 1447 μανθάνοντες·
1595 1405 1656 1446 οἷον,
1677 1413 1747 1443 “πῶς
1764 1414 1777 1439 ὁ

1005 1458 1110 1498 ἄπειρος
1125 1460 1150 1487 ἐν
1168 1458 1255 1497 μήτρᾳ
1277 1458 1345 1487 ἐστίν
1356 1470 1362 1476 ·
1377 1461 1432 1491 πῶς
1447 1462 1460 1488 ὃ
1476 1459 1563 1488 πάντα
1586 1460 1699 1498 συνέχων
1718 1472 1776 1489 κυο-

1005 1512 1120 1547 φορεῖται
1141 1509 1191 1536 ὑπὸ
1213 1508 1347 1547 γυναικός·
1365 1511 1420 1541 πῶς
1434 1508 1515 1538 τίκτει
1536 1512 1552 1545 ἦ
1571 1511 1710 1550 παρθένος,
1731 1511 1775 1539 καὶ

1068 1611 1078 1622 ³
1096 1604 1206 1634 Quidam
1219 1608 1277 1633 ὅπως
1290 1608 1300 1630 ‘o
1312 1610 1404 1639 ἄπειρος
1416 1609 1437 1630 ἐν
1448 1612 1527 1638 μήτρα
1541 1610 1634 1637 γίνεται.

761 1707 883 1735 ΛΝΙᾹΝΙ
906 1707 1221 1735 INTERPRETATIO.

215 1804 331 1843 Spiritus
345 1802 422 1830 illum
439 1800 571 1829 exstitisse
586 1804 755 1837 conceptumy
770 1808 917 1835 numquam
934 1797 976 1826 vel
987 1797 1060 1836 apud
1076 1808 1103 1825 se
1116 1797 1190 1826 illam
1208 1798 1371 1835 retinuisset,
1386 1798 1429 1827 vel
1446 1799 1469 1827 ei
1483 1799 1509 1827 in
1522 1800 1646 1829 omnibus
1660 1812 1777 1840 quorum

215 1849 331 1888 indiguit
352 1847 532 1876 ministrasset.
550 1845 620 1873 Satis
635 1850 724 1871 autem
740 1843 847 1882 proprie
863 1843 966 1882 posuit,
988 1845 1112 1872 Inventa
1127 1851 1169 1872 est
1191 1846 1221 1871 in
1241 1851 1321 1873 utero
1337 1846 1458 1874 habens.
1475 1846 1586 1875 Inventa
1609 1854 1662 1884 cst,
1679 1848 1774 1887 inquit,

214 1908 267 1935 quo
288 1905 406 1924 sermone
428 1904 469 1922 res
490 1903 548 1931 quae
567 1898 656 1920 contra
677 1889 911 1926 consuetudinem,
928 1896 952 1918 et
967 1897 1061 1929 proeter
1084 1900 1189 1918 omnem
1205 1901 1279 1929 spem
1302 1892 1579 1931 exspectationemque
1596 1895 1773 1932 proveniunt,

216 1949 307 1970 notare
329 1940 524 1969 consuevimus.
541 1939 715 1975 Nequaquam
730 1936 814 1974 igitur
831 1935 950 1973 evageris
965 1935 1090 1971 ulterius,
1106 1946 1152 1964 nec
1165 1947 1244 1975 supra
1259 1947 1288 1964 ea
1300 1947 1358 1974 quae
1373 1937 1444 1966 dicta
1459 1945 1535 1974 sunt,
1552 1939 1614 1967 hinc
1628 1940 1775 1978 quidquam

217 1988 351 2026 requiras,
368 1997 450 2024 neque
462 1985 553 2013 dicas:
571 1986 605 2011 At
616 1982 749 2022 quomodo
762 1982 878 2021 Spiritus
893 1993 926 2010 ex
939 1982 1052 2020 Virgine,
1068 1982 1140 2010 istud
1155 1989 1278 2021 operatus
1292 1984 1351 2011 est?
1361 1984 1390 2011 Si
1405 1984 1475 2012 enim
1490 1985 1570 2013 etiam
1587 1996 1648 2014 cum
1663 1987 1774 2015 solemni

216 2035 336 2063 homines
361 2034 508 2061 formantur
529 2040 601 2057 more
617 2036 733 2065 naturae,
754 2028 919 2067 impossibile
937 2034 975 2055 est
997 2035 1084 2056 tamen
1100 2027 1211 2055 modum
1232 2028 1400 2056 formationis
1422 2029 1545 2058 edicere:
1561 2041 1678 2068 quonam
1701 2032 1774 2060 istud

216 2089 305 2121 paeto,
321 2079 422 2119 Spiritu
447 2084 536 2106 sancto
557 2077 681 2105 inusitate
696 2083 775 2114 atque
791 2075 961 2103 ineffabiliter
983 2081 1120 2114 operante,
1138 2075 1225 2112 eloqui
1246 2075 1390 2113 aliquando
1413 2077 1583 2115 poterimus?
1599 2079 1639 2107 Ne
1656 2079 1726 2107 enim
1744 2086 1773 2107 tu

215 2127 404 2165 evangelistam
415 2125 565 2163 importuna
575 2122 671 2161 saepius
684 2121 853 2160 inquisitione
863 2121 990 2160 pulsum,
1000 2131 1065 2149 neve
1078 2121 1119 2148 illi
1130 2120 1279 2148 molestiam
1290 2132 1397 2160 parares
1409 2123 1506 2161 stepius
1518 2123 1687 2161 sciscitando,
1703 2124 1774 2153 dixit

216 2174 276 2211 quis
294 2171 417 2200 mirabile
435 2169 506 2197 istud
525 2168 654 2203 effecerit,
676 2178 755 2206 seque
770 2178 784 2195 a
806 2167 908 2195 cunctis
927 2167 1025 2205 pariter
1044 2166 1236 2204 quiestionibus
1259 2167 1417 2206 compendio
1439 2168 1573 2198 liberavit.
1591 2170 1668 2197 Nihil
1683 2171 1753 2198 enim
1765 2193 1772 2206 ‚

217 2219 317 2258 inquit,
334 2218 395 2247 novi
410 2216 541 2255 amplius,
552 2226 632 2253 quam
647 2226 661 2242 a
674 2221 763 2242 sancto
778 2214 880 2253 Spiritu
896 2214 996 2241 sactum
1009 2224 1063 2241 esse
1079 2212 1150 2251 quod
1165 2220 1257 2240 natum
1270 2220 1316 2241 est.
1335 2213 1501 2243 Erubescant
1516 2215 1566 2243 hoc
1581 2216 1654 2252 loco,
1671 2223 1696 2244 et
1710 2227 1773 2244 con-

216 2266 362 2294 fundantur
376 2274 466 2292 omnes
482 2262 526 2300 qui
542 2262 704 2301 superiorem
719 2261 793 2288 illam
811 2260 1008 2298 generationem
1022 2259 1161 2287 temeraria
1178 2259 1330 2287 curiositate
1345 2260 1486 2289 rimantur.
1499 2261 1527 2290 Si
1543 2262 1614 2290 enim
1626 2262 1705 2290 istam
1715 2272 1773 2300 quae

217 2313 290 2340 inille
305 2311 435 2340 celebrata
451 2309 574 2345 testibus,
589 2315 612 2336 et
630 2318 663 2336 ex
679 2307 771 2335 multis
790 2313 827 2335 est
843 2306 987 2345 praedicata

1002 2305 1181 2344 temporibus,
1196 2316 1255 2343 quae
1272 2305 1357 2333 oeulis
1374 2306 1504 2345 inspecta,
1518 2308 1694 2345 manibusque
1710 2318 1774 2335 con—

217 2366 323 2388 trectata
338 2364 390 2393 est,
406 2355 570 2394 interpretari
587 2362 674 2382 tamen
689 2353 780 2381 nullus
796 2360 898 2392 potest:
920 2363 999 2391 quem
1024 2352 1162 2380 cumulum
1187 2361 1238 2379 nou
1264 2351 1396 2380 excedunt
1417 2354 1531 2390 furoris,
1547 2355 1593 2392 qui
1611 2354 1774 2382 ineffabilem

216 2407 290 2434 iilam
305 2403 497 2443 generationem
511 2402 559 2430 Dei
576 2400 700 2429 humanis
714 2400 757 2428 vel
772 2399 978 2438 cogitationibus
994 2398 1148 2436 investigari
1162 2405 1272 2436 putant,
1286 2399 1327 2427 vel
1345 2399 1458 2428 vocibus
1479 2400 1613 2429 indicari?
1628 2402 1687 2430 Non
1703 2401 1773 2430 enim

216 2451 328 2481 Gabriel
343 2449 530 2487 archangelus,
546 2459 597 2476 non
616 2446 778 2484 evangelista
794 2446 938 2473 Matthaeus
957 2444 1073 2483 amplius
1087 2443 1225 2483 quippiam
1248 2444 1399 2482 significare
1413 2452 1570 2484 potuerunt,
1587 2447 1638 2474 nisi
1655 2453 1773 2475 tantum-

216 2497 294 2525 modo
308 2495 380 2535 quod
399 2501 464 2522 esset
476 2504 509 2522 ex
521 2493 632 2532 Spiritu.
647 2491 769 2527 Qualiter
785 2502 846 2519 vero
858 2502 890 2519 ex
905 2491 1021 2529 Spiritu,
1039 2497 1061 2518 et
1077 2500 1192 2528 quonam
1208 2489 1301 2526 modo,
1315 2491 1411 2519 horum
1431 2499 1500 2519 certe
1519 2493 1610 2521 nullus
1628 2493 1750 2532 exposuit
1766 2504 1772 2519 :

216 2554 298 2581 neque
308 2542 376 2570 enin]
389 2547 444 2569 erat
458 2540 564 2568 omnino
580 2539 712 2577 possibile.
727 2538 816 2575 Neque
827 2536 896 2565 enim
911 2536 1046 2564 existimes
1055 2559 1061 2569 ‚
1073 2546 1134 2563 eum
1144 2546 1177 2562 ex
1188 2535 1290 2573 Spiritu
1306 2542 1461 2574 conceptum
1476 2537 1612 2566 audiveris
1621 2560 1628 2573 ,
1644 2537 1771 2566 continuo

216 2590 292 2618 etiam
321 2589 408 2618 onmia
424 2595 448 2617 te
464 2587 595 2616 didicisse.
616 2586 719 2614 Etenim
739 2585 826 2613 adhue
841 2584 923 2612 multa
942 2583 1087 2617 nescimus,
1103 2590 1126 2610 ct
1142 2583 1244 2612 etiamsi
1265 2583 1332 2612 illud
1350 2584 1551 2622 perceperimus.
1572 2585 1655 2623 Cujus
1669 2585 1771 2624 generis

1821 2859 1836 2875 ιι
