1809 2901
45 939 174 962 Tillvmoni.

40 974 92 990 toni,
107 969 136 994 llv

39 1007 61 1029 p.
90 1000 134 1028 '⁷5⁰⁴

186 174 206 196 ¹¹
882 182 1062 204 paterano.

186 236 217 264 Id
232 248 293 266 vero
304 239 460 269 testificatur
471 242 571 280 passim
584 242 806 282 Chrysostomus,
818 249 845 271 ut
859 242 959 271 Homil,
974 243 1037 279 Vll,
1050 253 1075 281 p.
1092 244 1158 278 Mo,
1175 244 1196 269 A
1207 254 1212 269 :
1224 242 1279 270 Vos
1290 249 1365 271 certe
1378 252 1443 271 cum
1456 243 1590 281 deprimo
1605 251 1738 270 consessit

185 286 291 322 agitur,
307 296 360 315 vos
373 293 463 316 totum
478 290 574 316 orbem
585 290 747 328 proecedere
757 290 939 324 contenditis,
955 291 1093 327 quoniam
1107 290 1210 318 civitas
1223 295 1322 317 vestra
1333 290 1426 327 prima
1442 289 1674 318 Christianorum
1687 299 1736 315 no—

186 342 251 360 men
262 335 404 362 adhibuit.
422 335 500 369 Quod
510 337 607 365 referas
618 336 652 364 ad
664 336 733 364 illud
744 338 860 364 Actuum
879 337 921 372 11,
933 337 972 364 <226
985 347 990 362 τ
1003 337 1043 364 Et
1054 336 1212 364 docuerunt
1223 337 1335 363 turbam
1344 336 1476 371 multam,
1488 338 1530 363 ila
1545 341 1576 363 ut
1590 336 1738 374 cognomi-

187 386 326 407 narentur
336 382 459 418 primum
469 383 635 411 Antiochiae
646 383 780 421 discipuli
791 382 960 411 Christiani.
973 381 1022 409 Per
1034 387 1120 408 totum
1130 387 1218 408 autem
1231 380 1405 408 homiliarum
1420 380 1563 409 decursum
1576 380 1720 408 monachos
1729 401 1738 416 ,

186 425 231 463 qui
246 436 342 464 magno
352 437 461 456 numero
475 429 502 457 in
516 429 614 458 vicinis
628 429 764 457 montibus
786 428 931 467 degebant,
944 435 1132 456 commemorat
1145 435 1167 456 et
1184 428 1210 456 in
1226 427 1379 466 exemplum
1393 427 1510 456 adducit.
1526 427 1601 456 Illud
1613 438 1674 456 vero
1686 429 1738 455 An-

187 471 326 509 tiochiam,
342 484 392 502 non
408 475 654 515 Constantinopolin
669 475 782 511 indicat,
795 481 823 503 ut
839 474 865 502 in
878 474 1061 513 Chrysostomi
1078 474 1185 514 scriptis
1199 474 1297 513 passim
1319 475 1493 513 comperitur,
1508 480 1648 513 possetque
1661 473 1689 501 id
1703 483 1736 501 ex

186 517 246 545 aliis
256 519 407 549 confirmari
416 521 496 559 loeis,
507 522 551 550 sed
564 522 590 550 in
603 534 630 550 re
642 522 779 561 perspicua
795 528 899 560 tempus
913 527 996 549 terere
1008 531 1059 549 non
1072 521 1145 549 libet.

226 565 317 603 Longe
325 565 465 596 difficilius
475 575 512 596 est
522 575 635 597 statuere
644 580 697 607 quo
705 578 773 596 anno
785 567 862 595 hasce
870 566 995 595 homilias
1004 567 1136 595 habuerit.
1148 568 1318 606 Quamquam
1332 567 1478 596 verisimile
1488 573 1526 595 est
1537 576 1589 595 non
1598 577 1645 605 per
1660 565 1738 593 unius

186 618 288 640 tantum
305 614 367 641 anni
384 615 548 644 curriculum
566 615 671 644 habitas
691 615 772 642 fuisse
792 614 871 642 hasce
891 614 1034 651 nonaginta
1056 614 1194 642 conciones
1210 627 1215 641 :
1229 625 1289 642 cum
1306 614 1422 642 maxime
1434 620 1536 642 certum
1550 612 1675 641 videatur
1686 634 1694 647 ‚
1710 611 1737 639 in

186 657 280 686 dicbus
295 660 367 688 sestis
380 661 522 700 praecipuis
533 662 600 690 alias
612 661 779 690 intermixtas
790 661 872 688 fuisse
880 660 1018 697 homilias,
1030 671 1087 698 quae
1097 661 1253 689 concionum
1266 661 1292 689 in
1306 661 1465 689 matthaeum
1479 660 1571 689 seriem
1583 658 1736 698 interpella-

187 711 252 732 rent.
268 706 297 733 In
311 713 455 745 postremos
469 715 559 736 autem
571 708 643 736 illius
657 707 856 746 presbyteratus
869 717 951 735 annos
970 707 1095 735 harumce
1115 707 1287 736 homiliarum
1306 714 1412 746 tempus
1432 707 1562 745 conjicere
1583 715 1738 745 possumus,

188 758 316 788 quantum
330 763 447 791 auguror
460 755 609 793 conjectura
618 776 626 791 ,
635 753 758 782 videlicet
769 753 804 781 ab
813 764 882 782 anno
896 754 954 781 590
968 753 1001 781 ad
1014 753 1080 781 598.
1093 754 1163 782 Nam
1177 754 1253 782 annis
1266 754 1476 793 pizecedentibus
1491 753 1562 789 586,
1574 752 1630 781 587
1639 774 1647 788 ,
1661 751 1719 779 588
1728 773 1737 787 ,

189 799 377 837 Antioclienos,
386 801 544 839 juramentis
558 808 687 837 assuetos,
700 801 750 829 hac
763 800 796 828 de
810 811 838 828 re
851 807 979 839 perpetuo
995 800 1117 840 carpebat
1133 808 1157 829 et
1172 801 1365 837 insectabatur,
1379 807 1407 829 ut
1420 800 1512 830 videas
1524 800 1550 828 in
1567 798 1693 827 Homiliis
1703 797 1738 826 ad

190 845 380 883 Antion-henos,
404 847 437 875 (le
459 847 736 886 incomprehensibili,
760 853 850 875 contra
871 846 992 884 Juda‘os,
1010 854 1035 875 et
1047 847 1083 875 rin
1106 847 1166 875 aliis
1188 847 1253 875 bene
1273 848 1374 876 multis.
1397 849 1430 875 At
1445 847 1471 875 in
1486 847 1529 875 his
1540 846 1566 874 in
1579 845 1738 874 Matthaeum

190 893 362 921 concionibus
375 894 423 922 vix
437 894 517 922 semel
531 901 576 922 aut
590 894 633 922 bis
644 894 712 922 hauc
726 905 781 922 rem
796 894 889 923 leviter
907 900 1013 930 tractat3
1035 904 1118 932 neque
1136 894 1206 922 ultra
1225 894 1335 933 jurandi
1354 893 1571 922 consuetudinem
1589 891 1661 931 apud
1679 891 1740 920 illos

190 940 279 977 vigere
300 940 427 968 meminit.
451 941 540 969 Aliam
560 941 650 977 affert,
668 942 765 969 intacta
788 941 889 980 priore,
912 941 1091 979 conjecturam
1113 941 1312 969 Tillemontius.
1329 954 1342 967 «
1359 941 1454 979 v&gitur
1463 963 1470 976 ,
1487 952 1501 966 »
1516 939 1618 978 inquit,
1644 939 1670 967 in
1701 940 1738 966 72

190 987 270 1020 (olim
283 988 337 1023 75)
350 987 484 1023 Homilia,
513 1001 527 1014 a
547 987 580 1016 dc
604 988 681 1016 malis
692 988 726 1016 ob
738 988 868 1027 primatus
888 988 1080 1016 contentionem
1097 988 1200 1023 allatis;
1217 999 1311 1027 nempe
1324 987 1357 1016 dc
1371 987 1540 1016 altercatione
1554 986 1622 1014 inter
1635 984 1739 1014 Meletii

189 1046 202 1059 »
224 1045 347 1072 sequaces
368 1041 391 1062 et
414 1034 519 1062 Paulini
531 1035 642 1063 asseclas
656 1035 776 1071 suborta,
791 1034 867 1073 quasi
878 1035 935 1073 jam
947 1034 1078 1073 praeterita
1088 1057 1095 1071 ,
1107 1041 1132 1062 et
1145 1035 1180 1062 ab
1196 1035 1297 1073 aliquot
1312 1035 1388 1063 annis
1401 1034 1486 1072 sopita
1503 1045 1508 1060 :
1523 1032 1592 1061 unde
1606 1033 1672 1061 forte
1682 1043 1738 1060 cre-

190 1094 202 1107 »
223 1082 303 1110 datur
316 1082 395 1110 hasce
410 1081 548 1109 conciones
564 1081 690 1109 habuisse
711 1081 932 1120 Chrysostomum
947 1081 1004 1120 jam
1023 1081 1127 1109 labente
1146 1082 1344 1121 presbyteratus
1359 1081 1398 1109 sui
1412 1087 1543 1119 tempore,
1559 1087 1618 1118 post
1632 1079 1739 1107 Paulini

191 1143 203 1155 »
225 1129 341 1165 obitum,
354 1130 400 1167 qui
412 1128 508 1157 accidit
520 1139 588 1157 anno
599 1128 672 1165 583,
684 1129 726 1158 vel
739 1130 812 1165 559,
825 1135 903 1167 atque
924 1128 1004 1157 etiam
1025 1135 1083 1167 post
1100 1128 1211 1167 Evagrii
1229 1136 1353 1165 mortem,
1368 1128 1413 1166 qui
1427 1128 1515 1156 sedem
1539 1126 1679 1165 occupavit
1692 1137 1740 1165 per

190 1189 202 1202 n
225 1185 276 1206 tres
288 1177 391 1205 circiter
399 1186 489 1204 annos.

228 1226 308 1253 Recte
329 1224 420 1262 utique
438 1223 495 1260 ille,
512 1229 541 1250 ut
560 1231 643 1260 sagax
657 1228 726 1258 erat,
739 1232 795 1250 rem
817 1221 893 1259 quasi
915 1221 1059 1250 admodum
1082 1221 1193 1249 dubiam
1210 1221 1363 1260 proposuit,
1378 1227 1407 1248 ut
1418 1227 1474 1248 tute
1487 1218 1622 1254 fateberis,
1637 1218 1657 1246 si
1670 1217 1741 1246 unde

189 1273 338 1312 conjectura
348 1271 462 1299 ducatur
472 1270 601 1309 explores.
614 1270 756 1307 Postquam
764 1269 834 1297 enim
848 1269 1054 1308 Chrysostomus
1065 1268 1138 1297 hunc
1153 1268 1292 1307 Evangelii
1305 1268 1393 1296 locum
1403 1267 1502 1304 attulit,
1514 1268 1552 1295 95
1560 1289 1569 1303 ,
1581 1267 1614 1303 G,
1626 1277 1651 1305 p.
1668 1266 1740 1302 703,

188 1322 212 1349 D
228 1332 234 1347 t
251 1321 364 1348 Amant
381 1320 458 1346 enim
475 1319 581 1355 primos
605 1318 754 1344 accubitus
768 1318 798 1343 in
812 1317 910 1351 coenis,
927 1322 954 1344 et
973 1318 1080 1355 primos
1100 1325 1247 1344 consessus
1269 1317 1300 1342 in
1322 1315 1487 1353 synagogis,
1507 1320 1572 1350 etc.‚
1588 1312 1626 1340 sic
1640 1312 1717 1340 insert
1733 1323 1738 1338 :

183 1370 255 1397 Hoec
263 1369 316 1397 etsi
327 1376 419 1406 parva
429 1365 662 1399 videanturesse,
674 1364 828 1402 grandium
839 1370 935 1392 tamen
942 1370 1009 1391 sunt
1021 1373 1108 1391 causa
1121 1363 1274 1390 malorum.
1286 1363 1357 1390 Hoec
1369 1368 1394 1389 et
1406 1363 1537 1389 civitates
1550 1366 1575 1388 et
1588 1360 1739 1388 Ecclesias

182 1420 352 1443 everterunt.
367 1413 468 1450 Neque
482 1422 500 1439 α
510 1411 649 1446 lacrymis
664 1411 806 1438 abstinere
822 1420 938 1447 possum
949 1432 956 1444 ,
970 1420 1034 1437 ειιιη
1047 1412 1154 1447 primos
1175 1418 1323 1437 consessus
1345 1409 1433 1436 audio
1446 1414 1473 1435 et
1488 1406 1692 1441 salutationes,
1706 1411 1735 1432 et

183 1462 274 1499 cogito
289 1466 402 1499 quanta
416 1459 484 1486 hinc
502 1457 582 1485 mala
599 1456 739 1484 Ecclesiis
760 1457 923 1493 pariantur.
946 1456 1015 1493 choe
1026 1457 1089 1493 jam
1109 1457 1193 1483 vohis
1217 1457 1356 1484 recenseri
1377 1465 1445 1493 opus
1459 1464 1517 1481 non
1529 1459 1569 1481 est
1585 1464 1592 1479 .·
1609 1453 1736 1480 seniores

183 1507 287 1545 quippe
301 1506 332 1533 id
345 1505 457 1546 astabis
470 1503 594 1531 ediscere
607 1512 665 1529 non
679 1501 792 1530 debent.
809 1501 871 1529 Haec
885 1511 919 1528 an
937 1500 970 1528 de
983 1500 1085 1528 Meletii
1106 1499 1220 1529 dissidio
1240 1511 1300 1528 cum
1316 1500 1428 1529 Paulino
1446 1507 1471 1528 et
1486 1498 1605 1537 Evagrio
1619 1498 1735 1535 intelligi

181 1552 293 1580 debeant
304 1573 311 1587 ‚
326 1561 378 1579 non
388 1549 450 1578 satis
465 1555 632 1588 perspectum
646 1547 746 1583 habeo,
762 1546 895 1575 calculum
909 1547 994 1575 ferant
1008 1546 1115 1575 eruditi.
1132 1547 1226 1575 Malim
1243 1547 1421 1586 conjecturam
1443 1545 1515 1583 sequi
1534 1555 1635 1579 meam,
1651 1555 1684 1572 ex
1699 1544 1736 1572 si—

182 1597 262 1626 lentio
274 1595 473 1635 dejuramentis
490 1595 608 1634 petitam.
628 1594 714 1630 Nam,
729 1599 758 1621 ut
775 1603 854 1632 supra
871 1593 1008 1628 dicebam,
1029 1593 1106 1621 annis
1124 1594 1196 1629 586,
1212 1592 1269 1622 587
1279 1615 1286 1629 ‚
1301 1593 1373 1628 58⁸,
1389 1592 1566 1620 Antiochenos
1579 1590 1612 1619 cle
1623 1590 1735 1629 jurandi

183 1643 371 1673 consuetudine
385 1649 510 1682 perpetuo
522 1641 700 1669 insectabatur
712 1640 918 1679 Chrysostomus
927 1662 934 1675 ‚
947 1639 993 1678 qui
1006 1640 1059 1668 fere
1073 1640 1140 1668 nihil
1151 1640 1195 1668 hic
1206 1639 1407 1679 dejuramentis
1420 1639 1501 1666 habet
1514 1639 1541 1666 in
1556 1645 1629 1666 tanto
1644 1637 1734 1665 homi-

182 1691 280 1719 liarum
294 1690 415 1718 decursu.
434 1689 522 1723 Quam
541 1688 719 1726 conjecturam
736 1686 825 1714 firmat
838 1687 890 1714 alia
904 1687 1013 1714 fortasse
1033 1687 1124 1725 major.
1147 1687 1229 1715 Annis
1247 1686 1346 1725 quippe
1365 1685 1438 1721 586,
1451 1685 1522 1722 537,
1537 1684 1611 1720 588,
1627 1691 1732 1713 tantum

182 1737 354 1766 homiliarum
375 1735 583 1772 concionumque
597 1743 737 1761 numerum
749 1733 844 1761 habui-t
857 1733 1077 1772 Chrysostomus,
1092 1740 1149 1761 tum
1162 1744 1219 1771 quae
1231 1733 1358 1761 hactenus
1377 1738 1518 1770 supersunt.
1536 1731 1664 1769 editaeque
1678 1732 1735 1759 fue-

183 1792 256 1819 runt,
270 1791 328 1812 tum
337 1794 394 1822 quae
407 1783 441 1811 ab
454 1782 511 1821 ipso
525 1788 716 1815 memorantur,
732 1787 756 1808 et
771 1787 920 1819 temporum
932 1780 1029 1819 injuria
1043 1781 1193 1820 perierunt,
1205 1787 1233 1808 ut
1249 1780 1322 1808 nullo
1334 1779 1413 1807 modo
1425 1779 1541 1818 potuerit
1555 1778 1626 1806 hisce
1637 1779 1731 1814 anuis,

181 1842 228 1860 nec
241 1832 349 1859 fortasse
361 1829 490 1868 sequenti,
504 1828 632 1856 Mattlizeo
642 1826 808 1866 explanando
819 1827 978 1854 incumbere.
995 1828 1064 1855 Nam
1081 1834 1175 1866 praeter
1190 1827 1322 1855 Homilias
1337 1827 1396 1855 illas
1409 1825 1505 1863 viginti
1517 1825 1584 1853 duas
1594 1825 1628 1853 ad
1643 1836 1731 1864 popu-

180 1879 236 1906 lum
250 1877 457 1909 Antiochenum,
482 1873 618 1911 sexaginta
640 1880 739 1911 septem
754 1873 781 1900 in
793 1873 932 1908 Genesim,
955 1883 1001 1901 sex
1018 1881 1151 1912 septemve
1164 1873 1197 1901 de
1212 1872 1477 1912 Incomprehensibili
1487 1895 1494 1908 ‚
1510 1871 1620 1900 totidem
1641 1879 1731 1899 contra

179 1921 302 1958 Judaeos,
315 1931 410 1949 novem
422 1920 447 1948 in
462 1918 627 1957 Principium
641 1919 767 1945 Actorum
782 1917 851 1945 etde
866 1917 1013 1946 Mutatione
1035 1918 1187 1953 nominum;
1204 1925 1241 1946 tot
1261 1919 1327 1948 alias
1350 1918 1422 1946 hisce
1442 1917 1529 1945 tribus
1547 1917 1624 1945 annis
1636 1917 1731 1945 habuit

180 1967 332 2001 conciones,
344 1966 393 1994 vix
405 1972 433 1993 ut
446 1964 608 2002 intelligatur
618 1963 750 2002 quomodo
761 1963 812 1991 lioc
826 1963 939 1991 decursu
952 1964 1076 2003 temporis
1091 1964 1168 1992 toties
1183 1965 1297 2003 potuerit
1312 1965 1476 2001 concionari,
1493 1964 1592 1993 nedum
1607 1963 1731 1992 credatur

181 2013 275 2042 iisdem
288 2012 352 2051 ipsis
361 2010 436 2039 annis
447 2010 573 2038 Matthaeo
583 2009 750 2048 explanando
764 2009 900 2048 publicam
917 2020 1024 2049 operam
1038 2009 1150 2039 dedisse.

914 2105 940 2143 g.
965 2106 997 2133 n.

297 2199 358 2235 Quo
372 2197 579 2235 interpretandi
592 2202 617 2224 el
630 2195 808 2234 explanandi
821 2205 923 2233 genere
938 2196 1159 2231 Cin-„mostomns
1174 2197 1226 2223 has
1241 2196 1374 2224 homilias
1390 2199 1613 2225 concinnat-erit.

224 2290 280 2316 Non
292 2288 501 2316 conciomitorcm
513 2285 600 2319 modo,
614 2285 659 2313 scd
670 2285 748 2313 etiam
759 2285 925 2323 interpretem
934 2284 988 2323 agit
998 2285 1046 2313 Cln
1054 2292 1211 2324 ysostomus.
1223 2285 1313 2313 Sicubi
1323 2285 1392 2313 enim
1401 2285 1479 2313 series
1489 2286 1630 2314 verborum
1642 2286 1729 2314 Evam<

180 2334 240 2371 gelii
251 2357 258 2369 ‚
274 2343 352 2371 quam
368 2331 546 2371 explanationi
558 2341 610 2359 suae
622 2330 781 2369 praemittere
796 2330 861 2357 solet
873 2336 979 2358 sanetus
993 2329 1098 2367 doctor,
1110 2330 1227 2368 aliquam
1238 2341 1290 2369 pra}
1305 2341 1332 2358 se
1347 2331 1412 2359 serre
1422 2330 1529 2359 videtur
1542 2331 1728 2360 difficultatem

179 2382 246 2408 circa
264 2387 380 2418 tempus,
396 2378 437 2406 vel
452 2377 615 2405 occasionem
630 2387 719 2405 rerum
733 2383 867 2414 gestarum
878 2399 884 2410 ‚
900 2383 945 2404 aut
959 2376 1028 2404 eirea
1039 2377 1261 2415 evangelistarum
1274 2377 1365 2404 eadem
1379 2377 1435 2416 ipsa
1446 2378 1611 2406 narrantium
1621 2378 1726 2407 dicendi

178 2427 280 2454 inter-se
294 2425 461 2460 varietatem,
477 2435 506 2452 ea
522 2424 566 2452 ille
586 2423 674 2452 onmia
695 2423 824 2462 sagaciter
843 2430 966 2451 excutere
985 2423 1058 2451 solet.
1085 2423 1250 2462 Temporum
1271 2423 1398 2451 rationem
1419 2423 1542 2452 observat
1553 2430 1577 2451 et
1590 2424 1708 2462 explorat
1720 2448 1726 2457 ,

177 2472 339 2501 occasionem
354 2472 396 2499 vel
411 2470 474 2499 editi
489 2470 556 2509 signi
568 2477 592 2499 et
607 2470 742 2505 miraculi,
755 2470 795 2497 xcl
810 2476 888 2507 gestie
899 2469 934 2497 rei
950 2469 1092 2507 diligenter
1108 2476 1255 2506 scrutatum
1270 2469 1438 2498 diversorum
1451 2470 1591 2498 sententias
1604 2470 1672 2497 circa
1687 2481 1726 2497 re».

177 2519 286 2546 obscur«-
301 2518 456 2556 plerumque
472 2517 634 2553 significatas
652 2516 922 2551 al'tc1·tetcx:1minat;
945 2516 965 2543 si
989 2515 1154 2544 confutandae
1176 2516 1243 2553 sint,
1261 2516 1286 2543 id
1307 2516 1372 2544 mira
1396 2517 1549 2553 exsequitur
1568 2516 1726 2544 dexteritate

177 2572 253 2602 atque
265 2564 361 2601 ingenii
375 2563 520 2592 acrimonia
546 2563 573 2590 Si
587 2574 637 2601 qua
654 2573 716 2591 vero
728 2562 794 2591 inter
804 2562 980 2600 evangelistas
992 2563 1016 2590 in
1034 2563 1165 2592 narrando
1184 2563 1359 2602 discrepantia
1370 2574 1424 2591 esse
1436 2563 1525 2592 statim
1546 2562 1680 2593 videatur,
1698 2564 1721 2590 Μ
