1876 2926
70 1003 125 1030 Magi
145 1003 209 1022 Clu-2-

69 1039 125 1054 stum
187 1040 209 1055 ut

70 1065 140 1085 Deum
169 1066 208 1087 ha<

69 1096 144 1117 liuere.

227 184 290 218 138

220 268 246 285 se
264 257 376 294 serebat,
397 267 481 295 neque
500 256 596 285 domus
618 258 760 295 magnifica
782 265 854 294 erat,
876 268 959 296 neque

220 303 280 331 istic
292 303 395 341 aliquid
410 302 484 331 aliud
496 310 563 339 erat,
576 303 647 341 quod
664 310 751 342 posset
766 303 825 331 illos
841 304 883 332 vel
900 315 959 343 per-

220 348 313 377 cellere
327 349 369 377 vel
383 349 497 377 allicere.
519 349 562 377 Illi
581 359 643 377 vero
665 360 716 377 non
735 349 813 377 modo
833 349 958 387 adorant,

551 196 580 218 S.
608 196 748 219 soi-intus
775 197 958 219 cnanosT.

220 394 265 422 sed
279 395 376 433 apertis
394 395 524 423 thesauris
545 395 600 423 suis
618 406 728 423 munera
749 396 877 431 offerunt,
900 407 957 423 mu-
969 415 1003 433 „9

220 451 281 469 nera
296 442 419 479 inquam,
439 452 490 469 non
506 442 581 480 quasi
600 442 718 478 homini,
733 442 779 470 scd
800 442 875 479 quasi
891 443 956 471 Deo.
977 443 994 464 Α

221 486 298 514 Thus
308 487 378 515 enim
388 494 413 515 et
424 488 534 526 myrrha
543 488 591 515 Dei
602 487 719 515 maxime
729 487 883 526 symbolum
894 495 956 516 erat.

221 532 294 566 Quid
309 532 392 570 igitur
406 533 457 560 hoe
473 533 528 561 illis
546 533 651 561 suasit?
666 533 787 571 Idipsum
802 533 873 571 quod
886 534 957 562 exci-

220 579 285 608 tavit
303 578 380 615 illos,
401 586 430 607 ut
447 579 537 607 relicta
557 579 636 606 domo
653 585 755 606 tautum
772 579 821 607 iter
839 580 958 619 suscipe-

219 631 294 652 rent:
312 625 439 653 nimirum
454 625 529 653 stella
546 631 570 652 et
586 624 729 652 illustratio
753 624 847 653 mentis
867 636 882 653 a
902 626 957 654 Deo

220 669 285 708 ipsis
305 670 404 706 indita3
419 681 476 708 quae
499 669 628 709 paulatim
643 669 703 697 illos
727 669 761 698 ad
775 671 957 709 perfectiorem

220 716 343 744 notitiam
361 716 484 745 deduxit.
509 716 567 744 Nisi
583 715 654 744 enim
673 726 713 744 res
728 716 763 744 ita
785 728 813 745 se
833 717 957 755 haberet,

220 773 281 790 cnm
296 763 383 791 omnia
396 774 453 801 qua:
468 762 527 790 istic
541 762 702 791 videbantur
715 762 778 791 vilia
794 771 890 801 essent,
906 774 957 792 non

219 809 242 836 ei
258 816 361 837 tantum
375 809 558 837 exhibuissent
568 808 703 838 honorem.
713 809 777 838 Ideo
787 816 875 837 autem
889 810 957 838 nihil

219 865 311 882 eorum
325 866 382 892 qnae
397 855 447 882 snb
463 865 569 883 sensum
583 855 681 884 eadunt
696 856 732 884 ibi
748 866 875 894 magnum
889 863 956 893 crat,

220 900 266 928 scd
282 911 409 939 praesepe,
430 901 581 939 tugurium,
598 909 681 930 mater
699 902 791 941 inops,
812 907 840 928 ut
859 901 958 930 nudam

220 957 359 985 magorum
376 947 575 987 philosophiam
590 948 750 987 perspicias,
766 955 844 986 atque
857 947 956 985 discas,
977 954 993 976 Β

221 1004 264 1021 eos
278 1004 329 1021 non
346 1001 374 1021 ut
389 993 524 1021 hominem
539 1005 653 1033 purum,
668 994 713 1022 sed
728 1001 757 1022 ut
771 995 859 1022 Deum
874 1000 898 1022 et
912 994 957 1023 be-

221 1041 335 1069 neficum
352 1041 439 1080 ipsum
458 1040 562 1069 adiisse.
581 1040 750 1080 Quapropter
771 1040 846 1068 nullo
866 1052 957 1069 eorum

219 1097 277 1125 qum
291 1087 454 1115 extrinsecus
470 1086 630 1116 videbantur
644 1087 735 1115 offensi
748 1093 823 1123 sunt,
835 1086 880 1115 sed
894 1087 958 1115 ado-

218 1142 311 1163 rarunt
329 1141 353 1162 et
376 1134 445 1162 dona
467 1134 636 1171 obtulerunt,
651 1145 709 1172 quae
725 1134 795 1162 dona
813 1135 928 1162 multum
942 1146 957 1163 a

217 1180 332 1210 ,iudan-a
350 1180 468 1208 crassitie
481 1171 646 1209 differebant.
661 1182 751 1219 Neque
772 1181 842 1209 enim
859 1192 920 1209 oves
933 1188 957 1209 et

218 1226 316 1255 vitulos
330 1226 517 1263 immolarunt,
532 1226 578 1254 sed
596 1238 654 1265 qnae
672 1227 853 1255 ecclesiasticae
870 1227 957 1266 philo-

216 1272 316 1311 sophiae
338 1272 425 1301 vicina
447 1279 539 1300 erant:
560 1272 690 1310 siquidem
716 1273 870 1310 scientiam,
891 1273 956 1301 obe-

215 1318 343 1346 dientiam
366 1325 390 1346 et
408 1317 577 1346 dilectionem
601 1319 651 1357 ipsi
672 1319 825 1347 offerebant.
849 1321 894 1347 12.
918 1321 957 1347 Et

216 1375 350 1404 responso
363 1372 478 1404 accepto
493 1367 524 1394 in
538 1366 652 1402 somnis,
663 1376 699 1394 ne
713 1367 838 1394 redirent
851 1367 890 1394 ad
898 1367 956 1394 He

216 1413 330 1447 rodem,
344 1423 396 1450 per
411 1413 503 1440 aliam
521 1413 601 1440 vt'tzm
618 1416 723 1441 reversi
737 1420 804 1441 sunt
816 1415 846 1440 in.
862 1423 955 1452 regio-

218 1469 282 1486 nem
297 1468 386 1486 suam.
408 1458 460 1486 Hie
482 1458 549 1486 mihi
566 1457 628 1487 vide
641 1457 723 1486 fidem
737 1458 874 1497 ipsorum,
889 1468 955 1496 quo-

217 1505 295 1533 modo
312 1515 364 1533 non
376 1504 562 1540 offendantur,
578 1504 624 1532 sed
638 1504 689 1532 sint
705 1504 787 1542 quieti
807 1511 831 1533 et
856 1504 957 1532 obtem·
974 1512 992 1534 C

217 1559 350 1590 perantes,
374 1562 457 1590 neque
483 1551 625 1579 turbentur
635 1573 644 1588 ,
668 1561 751 1589 neque
773 1551 836 1579 talia
863 1558 956 1580 mutuo

251 1640 262 1656 ¹·
279 1637 325 1662 Alii
339 1641 488 1667 καταπλῆξαι.

249 1686 258 1695 ‘¹
277 1681 318 1702 Καὶ
329 1680 446 1712 {asp-fini,
456 1677 498 1701 alii
511 1679 547 1701 καὶ
560 1678 662 1708 δεσπότῃ-

989 197 1143 219 ΑΗΟΗΙΕΡ.
1170 197 1440 220 (ΖΟΝΞΤΑΝΤΙΝΟΡ.

1014 258 1151 298 ὁρωμένων
1163 260 1249 288 ἱκανὸν
1263 258 1274 273 ¹¹
1283 259 1460 294 ἐκπλῆξαικαὶ
1467 260 1671 289 ἐπισπάσασθαι.
1678 259 1745 289 Οῖδὲ
1752 261 1781 288 οὐ

1014 304 1090 342 μόνον
1101 308 1296 344 προσκυνοῦσιν,
1310 305 1377 333 ἀλλὰ
1391 306 1436 334 καὶ
1451 305 1596 338 ἀνοίξαντες
1609 305 1668 338 τοὺς
1684 308 1780 340 θησαυ·

1015 362 1071 389 ρους
1083 352 1129 378 αὐτ
1131 353 1176 385 (Νιν,
1192 351 1262 389 δῶρα
1277 351 1448 390 προσάγουσι,
1460 351 1504 380 καὶ
1519 352 1605 390 δορα,
1619 353 1666 390 οὐχ
1685 353 1720 384 ὡς
1736 353 1780 379 ἀν-

1013 396 1121 436 θρώπι),
1135 398 1192 424 ἀλλ’
1206 399 1239 429 ὥς
1251 398 1321 425 Θεῶ.
1335 396 1368 425 ‘O
1372 397 1430 444 γὰρ
1441 397 1584 430 λιίανωτὸς
1595 409 1639 426 και
1651 410 1667 432 η
1679 396 1780 437 σμύρνα

1012 442 1100 471 τοᾶτου
1114 442 1242 480 συαίολον
1256 446 1296 477 ἠν.
1313 442 1349 471 Γί
1359 445 1401 472 οὖν
1414 455 1443 472 το
1456 448 1548 472 πεῖσαν
1565 443 1668 479 αὐτους;
1679 444 1780 472 'lb-rtu-

1014 488 1175 527 ρασκευάσαν
1196 488 1293 517 οἴκοθεν
1316 491 1459 524 ἀναστῆναι
1479 501 1523 517 και
1548 501 1674 524 τοσαυτην
1699 491 1779 518 ελθεῖν

1012 534 1082 563 ὁδόν·
1094 538 1167 562 τοῦτο
1177 534 1203 563 δὲ
1217 530 1247 569 ἦν
1262 534 1278 563 ὅ
1293 547 1321 563 τε
1339 535 1436 574 ἀστὴρ,
1451 535 1496 563 καὶ
1508 538 1524 570 ἦ
1548 534 1621 574 παρὰ
1642 538 1686 564 τοῦ
1712 536 1780 564 Θεοῦ

1012 579 1136 618 γενομένη
1156 582 1188 618 τῆ
1209 580 1309 619 οιανοίᾳ
1326 583 1408 610 αὐτῶν
1431 581 1575 620 ειλαμψις,
1597 580 1666 609 κατὰ
1687 592 1779 620 μικρον

1014 637 1103 657 αυτους
1118 638 1194 683 προς
1197 638 1243 662 την
1261 628 1317 654 τελ-
1306 639 1359 674 Ξιτο
1350 627 1421 666 ,ἐραν
1437 628 1564 666 ὁοηγοῦσα
1587 628 1691 665 γνῶσιν.
1712 625 1780 654 Οὐδὲ

1011 670 1062 711 γὰρ
1078 671 1116 707 ἂν,
1129 674 1149 700 εἷ
1163 685 1199 709 ur,
1214 685 1288 701 τουτο
1304 675 1344 708 ἠν,
1357 675 1407 701 τῶν
1428 672 1589 712 φαινομένων
1609 674 1716 701 εὐτελῶν
1739 672 1780 700 ὅν-

1012 728 1063 744 τυι
1079 718 1211 753 ἁπάντων,
1226 730 1353 753 τοσαυτην
1365 718 1527 751 ἐπεδείξαντο
1538 718 1626 756 τιμήν
1643 717 1695 746 Διὰ
1705 721 1780 747 τοῦτο

1013 762 1083 791 οὐδὲν
1096 765 1146 791 τῶν
1165 765 1293 798 αἰσθητῶν
1308 765 1374 803 μέγα
1394 767 1459 800 ἐκεῖ,
1475 764 1542 793 ἀλλὰ
1564 764 1648 803 φάτνη
1668 764 1713 792 καὶ
1732 776 1779 792 κα-

1012 808 1077 843 λυῗη
1085 831 1092 843 ,
1109 809 1153 837 καὶ
1169 810 1238 847 μητη
1243 822 1256 849 ρ
1266 810 1360 849 πτωχὴ
1370 833 1376 845 ,
1389 810 1431 839 ἰ’να
1445 810 1543 849 γυμνὴν
1554 812 1605 838 τῶν
1622 810 1712 848 μάγων
1724 809 1780 848 ἴδῃς

1012 853 1058 889 τὴν
1084 855 1244 894 φιλοσοφίαν,
1270 856 1314 884 καὶ
1337 857 1434 895 μάθῃς,
1462 856 1502 885 ὅτι
1528 858 1576 896 οὐχ
1596 858 1631 888 ὡς
1651 854 1780 896 ἀνθρώπῳ

1013 901 1080 940 ψιλῷ
1090 924 1096 936 ,
1110 902 1166 929 ἀλλ’
1183 903 1217 934 ὡς
1227 903 1288 940 (θεῷ
1300 903 1446 942 προσῄεσαν
1465 906 1475 917 ³
1484 903 1528 931 καὶ
1541 902 1670 942 εὖεργέτῃ.
1681 901 1780 941 Διόπερ

1013 947 1094 975 οὐδενὶ
1104 950 1155 976 τῶν
1167 948 1304 987 ὁρωμένων
1316 948 1406 981 ἔξωθεν
1420 948 1645 983 ἐσκανδαλίζοντο,
1657 947 1724 977 ἀλλὰ
1735 948 1779 976 καὶ

1013 993 1183 1032 προσεκύνουν
1203 994 1248 1022 καὶ
1270 995 1339 1033 δῶρα
1358 997 1499 1034 προσῆγον,
1511 997 1558 1029 τῆς
1577 994 1779 1032 μὲνῚουδαῖκῆς

1014 1040 1203 1078 ἀπηλλαγμένα
1217 1040 1375 1078 παχύτητος.
1387 1040 1454 1069 Οὐδὲ
1469 1040 1519 1080 γὰρ
1530 1040 1651 1080 πρόίατα
1666 1040 1712 1068 καὶ
1731 1039 1779 1078 μό-

1013 1098 1089 1124 σχους
1109 1086 1210 1119 ἔθυσαν,
1223 1089 1269 1121 τῆς
1286 1086 1311 1115 δὲ
1327 1088 1545 1121 ἐκκλησιαστικῆς
1566 1086 1640 1125 ἐγγὺς
1655 1087 1717 1115 ὄντα
1738 1098 1778 1125 φι-

1012 1131 1145 1170 λοσοφίας·
1169 1131 1306 1170 ἐπίγνωσιν
1333 1132 1383 1172 γὰρ
1405 1132 1449 1160 καὶ
1473 1131 1588 1167 ὑπακοὴν
1610 1132 1655 1160 καὶ
1673 1131 1776 1170 ἀγάπην

1013 1179 1082 1216 αὐτῷ
1101 1180 1240 1216 προσῆγον.
1265 1178 1492 1218 Χρηματισθέντες
1507 1177 1534 1207 δὲ
1557 1180 1615 1207 κατ’
1638 1178 1715 1218 ὄναρ,
1741 1177 1776 1216 μὴ

1013 1224 1168 1262 ἀνακάμψαι
1186 1224 1249 1264 πρὸς
1261 1223 1392 1263 ἹΙρώοΝην,
1414 1225 1446 1252 δι’
1465 1224 1546 1259 ἄλλης
1565 1224 1623 1253 ὁδοῦ
1643 1222 1777 1263 ἀνεχώρη-

1012 1282 1058 1298 σαν
1074 1272 1109 1302 eie
1120 1270 1167 1305 τὴν
1180 1269 1269 1309 χώραν
1286 1271 1378 1298 αὐτῶν.
1392 1270 1449 1299 (θέα
1469 1272 1604 1299 κάντεῦθεν
1622 1269 1668 1305 τὴν
1687 1269 1775 1298 πίστιν

1011 1317 1110 1351 αὐτῶν,
1122 1318 1177 1348 πῶς
1193 1317 1238 1344 οὐκ
1259 1315 1506 1351 ἐσκανδαλίσθησαν,
1520 1317 1576 1344 ἀλλ’
1594 1315 1656 1344 εἰσὶν
1680 1315 1775 1350 εὐήνιον.

1010 1362 1054 1389 καὶ
1068 1360 1238 1399 εὐγνώμονες,
1255 1361 1299 1389 καὶ
1314 1363 1341 1390 οὐ
1362 1361 1527 1401 θορυῖἷοῧνται
1541 1361 1598 1390 οὐδὲ
1619 1360 1775 1400 διαλογίζον-

1009 1419 1052 1435 ται
1063 1407 1126 1447 πρὸς
1137 1406 1241 1439 ἑαυτοὺς
1250 1407 1381 1445 λέγοντες·
1398 1407 1442 1435 καὶ
1457 1407 1507 1445 μὴν
1519 1409 1541 1435 εἷ
1555 1406 1622 1446 μέγα
1631 1407 1661 1436 τὸ
1671 1406 1773 1436 παιδίον

1009 1453 1063 1481 ἐστὶ
1078 1456 1161 1487 τοῦτο,
1178 1453 1222 1481 καὶ
1238 1452 1292 1491 ἔχει
1310 1452 1368 1480 τινὰ
1384 1451 1468 1491 ἰσχὺν,
1488 1452 1526 1485 τίς
1538 1452 1615 1492 χρεία
1635 1455 1716 1492 φυγῆς
1730 1453 1775 1481 καὶ

1010 1500 1021 1515 ¹'
1034 1500 1159 1540 λαθραίας
1172 1501 1375 1540 ἀναχωρήσεως,
1391 1501 1435 1528 καὶ
1456 1500 1481 1528 τί
1495 1501 1591 1535 δήποτε
1602 1502 1716 1540 φανερῶς
1731 1501 1774 1529 ἐλ-

1010 1551 1100 1584 θόντας
1115 1554 1198 1590 ἡμᾶς,
1208 1552 1253 1580 καὶ
1265 1552 1331 1589 μετὰ
1346 1551 1493 1591 παρρησίας
1506 1552 1550 1580 καὶ
1561 1552 1625 1592 πρὸς
1639 1552 1720 1590 δῆμον
1730 1563 1774 1581 το-

1053 1638 1064 1656 t,
1083 1636 1168 1662 Morel.
1181 1643 1205 1662 et
1218 1637 1319 1670 quidam
1339 1636 1379 1662 alii
1404 1641 1511 1671 λαθραίου
1523 1642 1692 1671 ἀναχωρήσεως.

760 1764 888 1793 ΑΝΙΑΝῙ
910 1763 1228 1793 INTERPRETATIO.

216 1857 270 1878 crat
283 1849 382 1878 nobilis
393 1872 400 1886 ,
414 1859 461 1878 nec
471 1849 567 1877 domus
582 1849 608 1876 in
628 1859 679 1886 qna
693 1847 832 1876 habitabat
854 1848 981 1885 illustris,
994 1858 1040 1876 nec
1052 1847 1199 1886 quidquam
1213 1858 1245 1876 ex
1260 1847 1292 1875 iis
1308 1847 1431 1876 omnibus
1445 1857 1503 1885 quae
1519 1846 1693 1884 videbantur,
1704 1847 1774 1886 ejus-

215 1895 287 1924 modi
303 1902 356 1923 erat
369 1894 440 1933 qnod
455 1895 539 1931 magis
558 1893 763 1922 admirationem
787 1893 896 1929 faceret,
917 1903 1012 1931 eosque
1027 1892 1061 1920 ad
1078 1904 1192 1932 puerum
1210 1893 1326 1921 alliceret
1345 1892 1521 1921 adorandum.
1540 1895 1573 1921 At
1586 1904 1649 1922 vero
1664 1893 1704 1922 illi
1720 1904 1771 1922 non

216 1943 294 1971 modo
303 1942 428 1977 adorant,
442 1941 487 1969 sed
501 1941 580 1968 etiam
592 1940 690 1979 apertis
703 1940 834 1968 thesauris
851 1940 906 1968 suis
926 1941 1041 1968 offerunt
1060 1951 1169 1968 munera
1179 1963 1187 1977 ,
1202 1947 1226 1968 et
1239 1950 1347 1968 munera
1365 1947 1434 1968 certe
1446 1941 1501 1968 Deo
1513 1950 1593 1977 quam
1609 1939 1717 1968 homine
1731 1940 1773 1968 di-

214 1989 315 2027 gniora.
333 1988 411 2016 Thus
428 1987 561 2024 siquidem
578 1994 601 2014 et
616 1986 725 2026 myrrha
737 1986 786 2025 ipsi
802 1986 971 2025 potissimum
989 1987 1179 2025 congruebant.
1201 1987 1339 2022 Quidnam
1360 1987 1442 2025 igitur
1460 1986 1528 2014 illud
1543 1994 1597 2023 est,
1612 1986 1683 2024 quod
1696 1986 1732 2014 eis
1746 1993 1771 2014 et

214 2035 294 2063 domo
308 2041 331 2062 et
348 2034 433 2073 patria
453 2034 558 2068 relicta,
573 2033 641 2061 tanti
656 2032 757 2061 itineris
778 2033 863 2072 spatia
883 2033 994 2061 transire
1008 2033 1185 2073 persuaserit?
1201 2033 1280 2068 Quod
1295 2032 1471 2072 proculdubio
1486 2032 1547 2060 feeit
1560 2039 1586 2061 et
1601 2032 1675 2061 stella
1689 2043 1770 2071 quam

216 2081 349 2115 viderant,
362 2088 386 2109 et
400 2091 414 2108 a
430 2081 486 2108 Deo
500 2079 594 2108 donata
606 2080 667 2115 lux,
678 2090 737 2117 quie
750 2080 858 2108 illorum
869 2081 1003 2109 mentibus
1014 2081 1089 2119 quasi
1103 2080 1177 2108 aliud
1193 2080 1329 2119 quoddam
1344 2080 1418 2108 sidus
1433 2080 1578 2117 effulserat,
1593 2091 1690 2118 eosque
1703 2091 1769 2120 pau-

214 2129 288 2157 latim
303 2128 337 2157 ad
349 2128 531 2167 perfectiorem
541 2127 678 2156 scientiam
690 2128 861 2166 provehebat.
874 2129 942 2156 Cum
958 2129 1030 2157 enim
1044 2136 1128 2157 essent
1143 2136 1236 2157 cuneta
1252 2129 1304 2156 alia
1320 2128 1385 2157 vilia
1394 2151 1401 2164 ,
1417 2128 1466 2156 nisi
1480 2127 1552 2156 istud
1566 2138 1657 2156 eorum
1668 2128 1769 2157 animos

215 2176 356 2212 incitasset,
369 2186 514 2214 numquam
524 2175 642 2214 profecto
652 2182 755 2203 tantum
768 2175 807 2203 illi
821 2175 929 2204 honoris
942 2176 1057 2215 parvulo
1067 2175 1231 2204 detulissent.
1245 2175 1348 2204 Idcirco
1360 2175 1427 2204 nihil
1440 2175 1476 2203 ibi
1489 2175 1522 2203 de
1531 2175 1701 2204 sensibilibus
1713 2175 1771 2204 istis

215 2224 314 2261 grande
330 2222 502 2262 conspicitur,
519 2222 564 2250 sed
578 2229 721 2261 angustum
743 2223 897 2260 tugurium,
912 2234 943 2251 ac
958 2223 1012 2251 vile
1027 2223 1202 2262 prmsepium,
1216 2230 1240 2250 et
1258 2222 1335 2262 inops
1354 2229 1438 2251 mater
1448 2244 1456 2259 7
1475 2229 1503 2249 ut
1517 2221 1612 2250 melius
1628 2221 1699 2250 nuda
1714 2233 1770 2250 ma-

214 2280 308 2308 gorum
322 2269 492 2308 philosophia
504 2269 656 2297 claresceret
669 2280 675 2295 t
688 2276 713 2296 et
728 2276 756 2296 ut
766 2268 852 2297 diseas
868 2269 930 2307 quia
944 2280 994 2297 non
1010 2276 1146 2307 tamquam
1157 2269 1258 2297 homini
1273 2276 1390 2305 tantum,
1408 2268 1453 2297 sed
1468 2268 1547 2296 etiam
1561 2274 1698 2306 tamquam
1712 2269 1769 2297 Deo

213 2316 315 2345 auctori
329 2316 447 2344 omnium
463 2315 636 2355 supplicarint
650 2316 790 2344 bonorum.
803 2316 944 2355 Propterea
959 2316 1032 2344 nullo
1047 2326 1138 2344 corum
1153 2327 1212 2353 quae
1227 2316 1391 2344 extrinsecus
1406 2315 1567 2344 videbantur
1579 2315 1672 2344 offensi
1687 2321 1751 2343 sunt
1762 2337 1769 2351 ,

214 2363 260 2391 scd
274 2370 297 2391 et
308 2373 421 2401 puerum
437 2362 552 2390 fideliter
562 2361 722 2398 adorabant,
738 2369 762 2390 et
777 2373 884 2390 munera
902 2362 1057 2401 suppliciter
1074 2362 1233 2399 offerebant,
1250 2373 1308 2400 quae
1324 2369 1411 2390 tamen
1435 2361 1584 2401 plurimum
1598 2368 1623 2389 et
1636 2372 1651 2389 a
1664 2360 1770 2390 Judaeo-

215 2408 401 2448 ruffin-uditate
415 2408 556 2444 distarent,
572 2415 597 2436 et
611 2408 792 2437 ecclesiasticae
803 2408 978 2448 philosophiae
1002 2409 1180 2437 convenirent,
1196 2408 1335 2447 Siquidem
1347 2408 1481 2437 scientiam
1497 2408 1541 2436 isti
1554 2415 1579 2436 et
1593 2407 1770 2436 obedientiam

214 2463 238 2484 et
253 2456 388 2484 caritatem
398 2455 545 2492 figuraliter
557 2455 702 2484 offerebant
719 2468 725 2483 z
739 2466 790 2484 non
806 2466 881 2492 oves,
894 2466 945 2484 non
963 2455 1069 2484 vitulos.
1084 2457 1230 2494 Responsa
1240 2463 1336 2484 autem
1350 2461 1478 2494 accepto,
1490 2455 1591 2493 inquit,
1605 2457 1635 2483 in
1647 2456 1768 2489 somnis,

214 2514 250 2530 ne
259 2503 385 2530 redirent
399 2502 439 2530 ad
452 2503 607 2536 Herodem,
617 2513 669 2540 per
681 2503 773 2531 aliam
789 2505 870 2530 viam
886 2504 1067 2530 reversisunc
1079 2504 1110 2529 in
1122 2504 1267 2541 regionem
1280 2512 1372 2530 suam.
1386 2501 1527 2529 Considera
1539 2501 1620 2539 igitur
1631 2501 1708 2529 etiam
1717 2500 1767 2529 hoc

214 2549 270 2577 loco
284 2548 469 2577 admirabilem
483 2559 622 2587 magorum
633 2548 728 2585 fidem,
741 2549 822 2587 quiin
835 2549 937 2577 nullum
948 2549 1010 2577 hinc
1025 2549 1178 2577 scandalum
1194 2555 1395 2578 commoventur
1407 2560 1412 2575 :
1426 2547 1470 2576 sed
1485 2547 1519 2576 ad
1536 2555 1627 2576 cuncta
1639 2554 1694 2575 acta
1706 2547 1767 2575 obe-

214 2594 313 2623 dientes
325 2601 492 2634 permanent,
510 2601 587 2633 atque
602 2595 744 2628 flexibiles,
760 2595 878 2633 nihilque
893 2595 1000 2623 omnino
1018 2595 1171 2627 turbantur,
1188 2605 1270 2632 neque
1289 2594 1339 2633 ipsi
1362 2605 1451 2622 secum
1465 2593 1614 2633 disputant,
1630 2593 1746 2622 dicentes
1762 2605 1767 2619 :
