<?xml version="1.0" encoding="UTF-8"?>
<!DOCTYPE html PUBLIC "-//W3C//DTD XHTML 1.0 Transitional//EN"
    "http://www.w3.org/TR/xhtml1/DTD/xhtml1-transitional.dtd">
<html xmlns="http://www.w3.org/1999/xhtml" xml:lang="en" lang="en">
 <head>
  <title>
</title>
<meta http-equiv="Content-Type" content="text/html;charset=utf-8" />
  <meta name='ocr-system' content='tesseract 3.04.00' />
  <meta name='ocr-capabilities' content='ocr_page ocr_carea ocr_par ocr_line ocrx_word'/>
</head>
<body>
  <div class='ocr_page' id='page_1' title='image "./operaomniaquaeex07johnuoft/operaomniaquaeex07johnuoft_0118.png"; bbox 0 0 1866 2931; ppageno 0'>
   <div class='ocr_carea' id='block_1_1' title="bbox 575 227 716 250">
    <p class='ocr_par' dir='ltr' id='par_1_1' title="bbox 575 227 716 250">
     <span class='ocr_line' id='line_1_1' title="bbox 575 227 716 250; baseline 0 0"><span class='ocrx_word' id='word_1_1' title='bbox 575 227 716 250; x_wconf 75' lang='lat' dir='ltr'><strong>JoANNts</strong></span> 
     </span>
    </p>
   </div>
   <div class='ocr_carea' id='block_1_2' title="bbox 198 218 547 266">
    <p class='ocr_par' dir='ltr' id='par_1_2' title="bbox 198 218 547 266">
     <span class='ocr_line' id='line_1_2' title="bbox 198 218 547 266; baseline -0.003 -15"><span class='ocrx_word' id='word_1_2' title='bbox 198 218 244 266; x_wconf 80' lang='lat'><strong>96</strong></span> <span class='ocrx_word' id='word_1_3' title='bbox 518 229 547 250; x_wconf 74' lang='lat' dir='ltr'><strong>s.</strong></span> 
     </span>
    </p>
   </div>
   <div class='ocr_carea' id='block_1_3' title="bbox 107 288 938 329">
    <p class='ocr_par' dir='ltr' id='par_1_3' title="bbox 107 288 938 329">
     <span class='ocr_line' id='line_1_3' title="bbox 107 288 938 329; baseline -0.005 -10"><span class='ocrx_word' id='word_1_4' title='bbox 107 292 187 313; x_wconf 67' lang='lat' dir='ltr'><strong>C0¹ssr³</strong></span> <span class='ocrx_word' id='word_1_5' title='bbox 198 290 332 329; x_wconf 78' lang='lat' dir='ltr'><strong>ingentem</strong></span> <span class='ocrx_word' id='word_1_6' title='bbox 355 289 502 329; x_wconf 76' lang='lat' dir='ltr'><strong>dejiciant?</strong></span> <span class='ocrx_word' id='word_1_7' title='bbox 514 288 590 317; x_wconf 80' lang='lat' dir='ltr'><strong>Nihil</strong></span> <span class='ocrx_word' id='word_1_8' title='bbox 605 289 689 322; x_wconf 80' lang='lat' dir='ltr'><strong>enim,</strong></span> <span class='ocrx_word' id='word_1_9' title='bbox 700 288 768 316; x_wconf 83' lang='lat' dir='ltr'><strong>nihil</strong></span> <span class='ocrx_word' id='word_1_10' title='bbox 788 294 857 317; x_wconf 82' lang='lat' dir='ltr'><strong>certe</strong></span> <span class='ocrx_word' id='word_1_11' title='bbox 871 297 938 326; x_wconf 69' lang='lat' dir='ltr'><strong>prae-</strong></span> 
     </span>
    </p>
   </div>
   <div class='ocr_carea' id='block_1_4' title="bbox 47 330 144 345">
    <p class='ocr_par' dir='ltr' id='par_1_4' title="bbox 47 330 144 345">
     <span class='ocr_line' id='line_1_4' title="bbox 47 330 144 345; baseline 0.01 -1"><span class='ocrx_word' id='word_1_12' title='bbox 47 330 110 344; x_wconf 65' lang='grc' dir='ltr'>ΙΙΞΙΙΓΩ</span> <span class='ocrx_word' id='word_1_13' title='bbox 115 331 144 345; x_wconf 79' lang='grc' dir='ltr'>ΙΙΙ-</span> 
     </span>
    </p>
   </div>
   <div class='ocr_carea' id='block_1_5' title="bbox 196 333 941 1249">
    <p class='ocr_par' dir='ltr' id='par_1_5' title="bbox 196 333 941 1249">
     <span class='ocr_line' id='line_1_5' title="bbox 198 333 938 374; baseline -0.008 -8"><span class='ocrx_word' id='word_1_14' title='bbox 198 338 265 366; x_wconf 88' lang='lat' dir='ltr'><strong>scnti</strong></span> <span class='ocrx_word' id='word_1_15' title='bbox 288 347 368 365; x_wconf 77' lang='lat' dir='ltr'><strong>usura</strong></span> <span class='ocrx_word' id='word_1_16' title='bbox 383 335 501 374; x_wconf 78' lang='lat' dir='ltr'><strong>turpius,</strong></span> <span class='ocrx_word' id='word_1_17' title='bbox 518 335 585 363; x_wconf 83' lang='lat' dir='ltr'><strong>nihil</strong></span> <span class='ocrx_word' id='word_1_18' title='bbox 601 334 744 363; x_wconf 84' lang='lat' dir='ltr'><strong>crudelius.</strong></span> <span class='ocrx_word' id='word_1_19' title='bbox 760 334 827 362; x_wconf 81' lang='lat' dir='ltr'><strong>Nam</strong></span> <span class='ocrx_word' id='word_1_20' title='bbox 843 333 938 371; x_wconf 83' lang='lat' dir='ltr'><strong>hujus-</strong></span> 
     </span>
     <span class='ocr_line' id='line_1_6' title="bbox 198 378 937 417; baseline -0.007 -6"><span class='ocrx_word' id='word_1_21' title='bbox 198 383 272 411; x_wconf 85' lang='lat' dir='ltr'><strong>modi</strong></span> <span class='ocrx_word' id='word_1_22' title='bbox 286 384 425 411; x_wconf 84' lang='lat' dir='ltr'><strong>foencrator</strong></span> <span class='ocrx_word' id='word_1_23' title='bbox 440 381 466 409; x_wconf 91' lang='lat' dir='ltr'><strong>in</strong></span> <span class='ocrx_word' id='word_1_24' title='bbox 481 381 595 409; x_wconf 80' lang='lat' dir='ltr'><strong>aliorum</strong></span> <span class='ocrx_word' id='word_1_25' title='bbox 619 380 797 409; x_wconf 76' lang='lat' dir='ltr'>calamitatem</span> <span class='ocrx_word' id='word_1_26' title='bbox 821 378 937 417; x_wconf 76' lang='lat' dir='ltr'><strong>negotia-</strong></span> 
     </span>
     <span class='ocr_line' id='line_1_7' title="bbox 197 425 937 467; baseline -0.008 -10"><span class='ocrx_word' id='word_1_27' title='bbox 197 435 258 465; x_wconf 84' lang='lat' dir='ltr'><strong>tur,</strong></span> <span class='ocrx_word' id='word_1_28' title='bbox 274 435 299 457; x_wconf 89' lang='lat' dir='ltr'><strong>et</strong></span> <span class='ocrx_word' id='word_1_29' title='bbox 310 434 470 467; x_wconf 83' lang='lat' dir='ltr'><strong>proventum</strong></span> <span class='ocrx_word' id='word_1_30' title='bbox 491 427 540 455; x_wconf 78' lang='lat' dir='ltr'><strong>sibi</strong></span> <span class='ocrx_word' id='word_1_31' title='bbox 556 433 632 466; x_wconf 78' lang='lat' dir='ltr'><strong>parat</strong></span> <span class='ocrx_word' id='word_1_32' title='bbox 644 436 677 454; x_wconf 81' lang='lat' dir='ltr'><strong>ex</strong></span> <span class='ocrx_word' id='word_1_33' title='bbox 696 426 811 454; x_wconf 80' lang='lat' dir='ltr'><strong>aliorum</strong></span> <span class='ocrx_word' id='word_1_34' title='bbox 828 425 937 453; x_wconf 75' lang='lat' dir='ltr'><strong>infelici-</strong></span> 
     </span>
     <span class='ocr_line' id='line_1_8' title="bbox 197 471 937 512; baseline -0.007 -9"><span class='ocrx_word' id='word_1_35' title='bbox 197 481 262 510; x_wconf 81' lang='lat' dir='ltr'><strong>tate,</strong></span> <span class='ocrx_word' id='word_1_36' title='bbox 282 473 483 512; x_wconf 77' lang='lat' dir='ltr'>mercedemque</span> <span class='ocrx_word' id='word_1_37' title='bbox 501 472 677 501; x_wconf 77' lang='lat' dir='ltr'><strong>humanitatis</strong></span> <span class='ocrx_word' id='word_1_38' title='bbox 699 472 783 509; x_wconf 69' lang='lat' dir='ltr'><strong>exigit</strong></span> <span class='ocrx_word' id='word_1_39' title='bbox 796 483 801 498; x_wconf 93' lang='lat'>:</span> <span class='ocrx_word' id='word_1_40' title='bbox 813 482 843 499; x_wconf 80' lang='lat' dir='ltr'><strong>ac</strong></span> <span class='ocrx_word' id='word_1_41' title='bbox 854 471 937 499; x_wconf 79' lang='lat' dir='ltr'><strong>veluti</strong></span> 
     </span>
     <span class='ocr_line' id='line_1_9' title="bbox 197 517 938 557; baseline -0.008 -8"><span class='ocrx_word' id='word_1_42' title='bbox 197 527 316 549; x_wconf 85' lang='lat' dir='ltr'><strong>metuens</strong></span> <span class='ocrx_word' id='word_1_43' title='bbox 322 519 547 548; x_wconf 81' lang='lat' dir='ltr'><strong>neimmiserieors</strong></span> <span class='ocrx_word' id='word_1_44' title='bbox 558 517 869 557; x_wconf 75' lang='lat' dir='ltr'><strong>appareat,benignitatis</strong></span> <span class='ocrx_word' id='word_1_45' title='bbox 879 527 938 555; x_wconf 87' lang='lat' dir='ltr'><strong>spe-</strong></span> 
     </span>
     <span class='ocr_line' id='line_1_10' title="bbox 196 563 936 605; baseline -0.008 -10"><span class='ocrx_word' id='word_1_46' title='bbox 196 567 236 595; x_wconf 89' lang='lat' dir='ltr'><strong>cie</strong></span> <span class='ocrx_word' id='word_1_47' title='bbox 249 567 352 595; x_wconf 81' lang='lat' dir='ltr'><strong>foveam</strong></span> <span class='ocrx_word' id='word_1_48' title='bbox 366 564 566 605; x_wconf 77' lang='lat' dir='ltr'>profundiorem</span> <span class='ocrx_word' id='word_1_49' title='bbox 577 564 653 599; x_wconf 82' lang='lat' dir='ltr'><strong>fodit,</strong></span> <span class='ocrx_word' id='word_1_50' title='bbox 662 563 779 600; x_wconf 79' lang='lat' dir='ltr'><strong>dumque</strong></span> <span class='ocrx_word' id='word_1_51' title='bbox 789 563 838 590; x_wconf 80' lang='lat' dir='ltr'><strong>sert</strong></span> <span class='ocrx_word' id='word_1_52' title='bbox 851 572 936 601; x_wconf 85' lang='lat' dir='ltr'><strong>opem,</strong></span> 
     </span>
     <span class='ocr_line' id='line_1_11' title="bbox 196 607 936 651; baseline -0.008 -11"><span class='ocrx_word' id='word_1_53' title='bbox 196 623 340 651; x_wconf 79' lang='lat' dir='ltr'>pauperem</span> <span class='ocrx_word' id='word_1_54' title='bbox 355 611 496 651; x_wconf 87' lang='lat' dir='ltr'><strong>opprimit,</strong></span> <span class='ocrx_word' id='word_1_55' title='bbox 511 610 577 638; x_wconf 92' lang='lat' dir='ltr'><strong>dum</strong></span> <span class='ocrx_word' id='word_1_56' title='bbox 593 619 700 637; x_wconf 80' lang='lat' dir='ltr'><strong>manum</strong></span> <span class='ocrx_word' id='word_1_57' title='bbox 725 608 854 647; x_wconf 75' lang='lat' dir='ltr'><strong>porrigit,</strong></span> <span class='ocrx_word' id='word_1_58' title='bbox 869 607 936 647; x_wconf 87' lang='lat' dir='ltr'><strong>deji-</strong></span> 
     </span>
     <span class='ocr_line' id='line_1_12' title="bbox 198 653 935 695; baseline -0.007 -9"><span class='ocrx_word' id='word_1_59' title='bbox 198 658 247 695; x_wconf 85' lang='lat' dir='ltr'>cit,</span> <span class='ocrx_word' id='word_1_60' title='bbox 262 669 292 686; x_wconf 80' lang='lat' dir='ltr'><strong>ac</strong></span> <span class='ocrx_word' id='word_1_61' title='bbox 306 658 372 686; x_wconf 90' lang='lat' dir='ltr'><strong>dum</strong></span> <span class='ocrx_word' id='word_1_62' title='bbox 387 657 460 695; x_wconf 82' lang='lat' dir='ltr'><strong>quasi</strong></span> <span class='ocrx_word' id='word_1_63' title='bbox 477 657 502 684; x_wconf 89' lang='lat' dir='ltr'><strong>in</strong></span> <span class='ocrx_word' id='word_1_64' title='bbox 517 663 624 695; x_wconf 86' lang='lat' dir='ltr'><strong>portum</strong></span> <span class='ocrx_word' id='word_1_65' title='bbox 640 654 755 693; x_wconf 78' lang='lat' dir='ltr'><strong>recipere</strong></span> <span class='ocrx_word' id='word_1_66' title='bbox 770 654 893 690; x_wconf 84' lang='lat' dir='ltr'><strong>videtur,</strong></span> <span class='ocrx_word' id='word_1_67' title='bbox 909 653 935 682; x_wconf 88' lang='lat' dir='ltr'><strong>in</strong></span> 
     </span>
     <span class='ocr_line' id='line_1_13' title="bbox 199 699 936 743; baseline -0.007 -10"><span class='ocrx_word' id='word_1_68' title='bbox 199 705 381 743; x_wconf 81' lang='lat' dir='ltr'><strong>naufragium,</strong></span> <span class='ocrx_word' id='word_1_69' title='bbox 397 704 423 732; x_wconf 89' lang='lat' dir='ltr'><strong>in</strong></span> <span class='ocrx_word' id='word_1_70' title='bbox 437 703 576 742; x_wconf 80' lang='lat' dir='ltr'><strong>scopulum</strong></span> <span class='ocrx_word' id='word_1_71' title='bbox 589 708 613 729; x_wconf 87' lang='lat' dir='ltr'><strong>et</strong></span> <span class='ocrx_word' id='word_1_72' title='bbox 628 701 655 729; x_wconf 91' lang='lat' dir='ltr'><strong>in</strong></span> <span class='ocrx_word' id='word_1_73' title='bbox 677 711 740 729; x_wconf 78' lang='lat' dir='ltr'><strong>saxa</strong></span> <span class='ocrx_word' id='word_1_74' title='bbox 761 700 869 728; x_wconf 82' lang='lat' dir='ltr'><strong>latentia</strong></span> <span class='ocrx_word' id='word_1_75' title='bbox 890 699 936 728; x_wconf 87' lang='lat' dir='ltr'><strong>de-</strong></span> 
     </span>
     <span class='ocr_line' id='line_1_14' title="bbox 196 746 936 790; baseline -0.005 -12"><span class='ocrx_word' id='word_1_76' title='bbox 196 751 265 790; x_wconf 90' lang='lat' dir='ltr'><strong>jicit.</strong></span> <span class='ocrx_word' id='word_1_77' title='bbox 281 749 334 778; x_wconf 74' lang='lat' dir='ltr'><strong>Sed</strong></span> <span class='ocrx_word' id='word_1_78' title='bbox 348 749 413 788; x_wconf 86' lang='lat' dir='ltr'><strong>quid</strong></span> <span class='ocrx_word' id='word_1_79' title='bbox 434 748 550 787; x_wconf 61' lang='lat' dir='ltr'><strong>quaeris?</strong></span> <span class='ocrx_word' id='word_1_80' title='bbox 566 746 684 784; x_wconf 74' lang='lat' dir='ltr'><strong>inquies,</strong></span> <span class='ocrx_word' id='word_1_81' title='bbox 698 757 730 774; x_wconf 85' lang='lat' dir='ltr'><strong>an</strong></span> <span class='ocrx_word' id='word_1_82' title='bbox 746 753 775 774; x_wconf 88' lang='lat' dir='ltr'><strong>ut</strong></span> <span class='ocrx_word' id='word_1_83' title='bbox 799 746 936 775; x_wconf 81' lang='lat' dir='ltr'>collectam</span> 
     </span>
     <span class='ocr_line' id='line_1_15' title="bbox 199 793 937 836; baseline -0.005 -11"><span class='ocrx_word' id='word_1_84' title='bbox 199 797 353 836; x_wconf 78' lang='lat' dir='ltr'><strong>pecuniam,</strong></span> <span class='ocrx_word' id='word_1_85' title='bbox 369 796 435 824; x_wconf 89' lang='lat' dir='ltr'><strong>mihi</strong></span> <span class='ocrx_word' id='word_1_86' title='bbox 450 796 542 823; x_wconf 85' lang='lat' dir='ltr'><strong>utilem</strong></span> <span class='ocrx_word' id='word_1_87' title='bbox 553 817 560 831; x_wconf 91' lang='lat'><strong>,</strong></span> <span class='ocrx_word' id='word_1_88' title='bbox 572 794 649 822; x_wconf 80' lang='lat' dir='ltr'><strong>alteri</strong></span> <span class='ocrx_word' id='word_1_89' title='bbox 664 794 691 822; x_wconf 87' lang='lat' dir='ltr'><strong>in</strong></span> <span class='ocrx_word' id='word_1_90' title='bbox 707 805 784 822; x_wconf 86' lang='lat' dir='ltr'><strong>usum</strong></span> <span class='ocrx_word' id='word_1_91' title='bbox 799 793 874 831; x_wconf 88' lang='lat' dir='ltr'><strong>dem,</strong></span> <span class='ocrx_word' id='word_1_92' title='bbox 890 804 937 822; x_wconf 91' lang='lat' dir='ltr'><strong>nec</strong></span> 
     </span>
     <span class='ocr_line' id='line_1_16' title="bbox 200 840 937 880; baseline -0.007 -8"><span class='ocrx_word' id='word_1_93' title='bbox 200 844 283 872; x_wconf 85' lang='lat' dir='ltr'><strong>ullam</strong></span> <span class='ocrx_word' id='word_1_94' title='bbox 302 842 362 871; x_wconf 90' lang='lat' dir='ltr'><strong>inde</strong></span> <span class='ocrx_word' id='word_1_95' title='bbox 385 841 532 870; x_wconf 75' lang='lat' dir='ltr'><strong>mercedem</strong></span> <span class='ocrx_word' id='word_1_96' title='bbox 556 840 715 880; x_wconf 66' lang='lat' dir='ltr'><strong>reposcam?</strong></span> <span class='ocrx_word' id='word_1_97' title='bbox 728 840 804 868; x_wconf 81' lang='lat' dir='ltr'>Absit</span> <span class='ocrx_word' id='word_1_98' title='bbox 818 852 823 867; x_wconf 93' lang='lat'>:</span> <span class='ocrx_word' id='word_1_99' title='bbox 837 851 887 868; x_wconf 87' lang='lat' dir='ltr'><strong>non</strong></span> <span class='ocrx_word' id='word_1_100' title='bbox 901 840 937 868; x_wconf 80' lang='lat' dir='ltr'><strong>ita</strong></span> 
     </span>
     <span class='ocr_line' id='line_1_17' title="bbox 200 885 937 926; baseline -0.004 -10"><span class='ocrx_word' id='word_1_101' title='bbox 200 889 310 926; x_wconf 86' lang='lat' dir='ltr'><strong>loquor;</strong></span> <span class='ocrx_word' id='word_1_102' title='bbox 324 888 376 915; x_wconf 88' lang='lat' dir='ltr'><strong>imo</strong></span> <span class='ocrx_word' id='word_1_103' title='bbox 400 887 478 926; x_wconf 88' lang='lat' dir='ltr'><strong>cupio</strong></span> <span class='ocrx_word' id='word_1_104' title='bbox 500 894 526 915; x_wconf 88' lang='lat' dir='ltr'><strong>te</strong></span> <span class='ocrx_word' id='word_1_105' title='bbox 551 886 613 914; x_wconf 89' lang='lat' dir='ltr'><strong>hinc</strong></span> <span class='ocrx_word' id='word_1_106' title='bbox 634 885 782 913; x_wconf 76' lang='lat' dir='ltr'>mercedem</span> <span class='ocrx_word' id='word_1_107' title='bbox 806 886 937 924; x_wconf 88' lang='lat' dir='ltr'><strong>accipere,</strong></span> 
     </span>
     <span class='ocr_line' id='line_1_18' title="bbox 200 933 937 972; baseline -0.001 -9"><span class='ocrx_word' id='word_1_108' title='bbox 200 945 251 963; x_wconf 89' lang='lat' dir='ltr'><strong>non</strong></span> <span class='ocrx_word' id='word_1_109' title='bbox 268 935 349 963; x_wconf 72' lang='lat' dir='ltr'><strong>vilem</strong></span> <span class='ocrx_word' id='word_1_110' title='bbox 363 941 408 962; x_wconf 86' lang='lat' dir='ltr'><strong>aut</strong></span> <span class='ocrx_word' id='word_1_111' title='bbox 422 934 562 972; x_wconf 75' lang='lat' dir='ltr'><strong>exiguam,</strong></span> <span class='ocrx_word' id='word_1_112' title='bbox 578 933 622 961; x_wconf 87' lang='lat' dir='ltr'><strong>sed</strong></span> <span class='ocrx_word' id='word_1_113' title='bbox 634 933 719 961; x_wconf 87' lang='lat' dir='ltr'><strong>multo</strong></span> <span class='ocrx_word' id='word_1_114' title='bbox 736 933 863 972; x_wconf 87' lang='lat' dir='ltr'><strong>majorem</strong></span> <span class='ocrx_word' id='word_1_115' title='bbox 874 945 879 960; x_wconf 79' lang='lat' dir='ltr'><strong><em>z</em></strong></span> <span class='ocrx_word' id='word_1_116' title='bbox 889 944 937 972; x_wconf 87' lang='lat' dir='ltr'><strong>pro</strong></span> 
     </span>
     <span class='ocr_line' id='line_1_19' title="bbox 199 979 938 1018; baseline -0.001 -10"><span class='ocrx_word' id='word_1_117' title='bbox 199 991 264 1009; x_wconf 84' lang='lat' dir='ltr'><strong>auro</strong></span> <span class='ocrx_word' id='word_1_118' title='bbox 276 987 301 1008; x_wconf 85' lang='lat' dir='ltr'><strong>tc</strong></span> <span class='ocrx_word' id='word_1_119' title='bbox 313 981 407 1008; x_wconf 72' lang='lat' dir='ltr'><strong>ca’lum</strong></span> <span class='ocrx_word' id='word_1_120' title='bbox 421 980 448 1008; x_wconf 90' lang='lat' dir='ltr'><strong>in</strong></span> <span class='ocrx_word' id='word_1_121' title='bbox 463 990 571 1007; x_wconf 66' lang='lat' dir='ltr'><strong>usuram</strong></span> <span class='ocrx_word' id='word_1_122' title='bbox 592 979 710 1018; x_wconf 85' lang='lat' dir='ltr'><strong>accipere</strong></span> <span class='ocrx_word' id='word_1_123' title='bbox 724 979 793 1007; x_wconf 74' lang='lat' dir='ltr'><strong>volo,</strong></span> <span class='ocrx_word' id='word_1_124' title='bbox 808 979 862 1007; x_wconf 90' lang='lat' dir='ltr'><strong>Cur</strong></span> <span class='ocrx_word' id='word_1_125' title='bbox 876 989 938 1017; x_wconf 78' lang='lat' dir='ltr'><strong>ergo</strong></span> 
     </span>
     <span class='ocr_line' id='line_1_20' title="bbox 199 1025 936 1067; baseline -0.004 -11"><span class='ocrx_word' id='word_1_126' title='bbox 199 1034 226 1056; x_wconf 85' lang='lat' dir='ltr'><strong>te</strong></span> <span class='ocrx_word' id='word_1_127' title='bbox 240 1028 265 1056; x_wconf 90' lang='lat' dir='ltr'><strong>in</strong></span> <span class='ocrx_word' id='word_1_128' title='bbox 277 1034 457 1067; x_wconf 79' lang='lat' dir='ltr'><strong>paupertatem</strong></span> <span class='ocrx_word' id='word_1_129' title='bbox 468 1026 566 1065; x_wconf 79' lang='lat' dir='ltr'><strong>redigis</strong></span> <span class='ocrx_word' id='word_1_130' title='bbox 575 1049 582 1062; x_wconf 86' lang='lat'><strong>,</strong></span> <span class='ocrx_word' id='word_1_131' title='bbox 595 1025 659 1054; x_wconf 86' lang='lat' dir='ltr'><strong>dum</strong></span> <span class='ocrx_word' id='word_1_132' title='bbox 675 1026 700 1053; x_wconf 92' lang='lat' dir='ltr'><strong>in</strong></span> <span class='ocrx_word' id='word_1_133' title='bbox 713 1032 780 1053; x_wconf 81' lang='lat' dir='ltr'><strong>terra</strong></span> <span class='ocrx_word' id='word_1_134' title='bbox 794 1025 936 1062; x_wconf 78' lang='lat' dir='ltr'><strong>volutaris,</strong></span> 
     </span>
     <span class='ocr_line' id='line_1_21' title="bbox 200 1071 939 1113; baseline -0.003 -11"><span class='ocrx_word' id='word_1_135' title='bbox 200 1081 225 1102; x_wconf 87' lang='lat' dir='ltr'><strong>et</strong></span> <span class='ocrx_word' id='word_1_136' title='bbox 240 1085 322 1113; x_wconf 71' lang='lat' dir='ltr'><strong>parva</strong></span> <span class='ocrx_word' id='word_1_137' title='bbox 343 1085 391 1113; x_wconf 90' lang='lat' dir='ltr'><strong>pro</strong></span> <span class='ocrx_word' id='word_1_138' title='bbox 412 1073 516 1110; x_wconf 68' lang='lat' dir='ltr'><strong>magnis</strong></span> <span class='ocrx_word' id='word_1_139' title='bbox 532 1072 638 1110; x_wconf 76' lang='lat' dir='ltr'><strong>exigis?</strong></span> <span class='ocrx_word' id='word_1_140' title='bbox 652 1071 723 1100; x_wconf 87' lang='lat' dir='ltr'><strong>Illud</strong></span> <span class='ocrx_word' id='word_1_141' title='bbox 737 1072 807 1099; x_wconf 87' lang='lat' dir='ltr'><strong>enim</strong></span> <span class='ocrx_word' id='word_1_142' title='bbox 821 1078 858 1099; x_wconf 86' lang='lat' dir='ltr'><strong>cst</strong></span> <span class='ocrx_word' id='word_1_143' title='bbox 872 1071 939 1110; x_wconf 86' lang='lat' dir='ltr'><strong>quid</strong></span> 
     </span>
     <span class='ocr_line' id='line_1_22' title="bbox 200 1117 939 1156; baseline -0.004 -8"><span class='ocrx_word' id='word_1_144' title='bbox 200 1120 252 1148; x_wconf 89' lang='lat' dir='ltr'><strong>sint</strong></span> <span class='ocrx_word' id='word_1_145' title='bbox 267 1119 369 1149; x_wconf 77' lang='lat' dir='ltr'><strong>divitiae</strong></span> <span class='ocrx_word' id='word_1_146' title='bbox 391 1120 498 1147; x_wconf 82' lang='lat' dir='ltr'><strong>nescire.</strong></span> <span class='ocrx_word' id='word_1_147' title='bbox 515 1119 583 1147; x_wconf 85' lang='lat' dir='ltr'><strong>Cum</strong></span> <span class='ocrx_word' id='word_1_148' title='bbox 606 1119 677 1146; x_wconf 88' lang='lat' dir='ltr'><strong>Deus</strong></span> <span class='ocrx_word' id='word_1_149' title='bbox 697 1128 744 1156; x_wconf 88' lang='lat' dir='ltr'><strong>pro</strong></span> <span class='ocrx_word' id='word_1_150' title='bbox 764 1117 870 1155; x_wconf 77' lang='lat' dir='ltr'><strong>exiguis</strong></span> <span class='ocrx_word' id='word_1_151' title='bbox 886 1117 939 1145; x_wconf 86' lang='lat' dir='ltr'><strong>illis</strong></span> 
     </span>
     <span class='ocr_line' id='line_1_23' title="bbox 201 1163 939 1206; baseline -0.005 -12"><span class='ocrx_word' id='word_1_152' title='bbox 201 1166 321 1206; x_wconf 88' lang='lat' dir='ltr'><strong>pecuniis</strong></span> <span class='ocrx_word' id='word_1_153' title='bbox 333 1166 401 1194; x_wconf 79' lang='lat' dir='ltr'><strong>bona</strong></span> <span class='ocrx_word' id='word_1_154' title='bbox 410 1165 458 1194; x_wconf 88' lang='lat' dir='ltr'><strong>tibi</strong></span> <span class='ocrx_word' id='word_1_155' title='bbox 471 1164 582 1193; x_wconf 57' lang='lat' dir='ltr'><strong>caelestia</strong></span> <span class='ocrx_word' id='word_1_156' title='bbox 595 1164 736 1203; x_wconf 79' lang='lat' dir='ltr'><strong>promittit,</strong></span> <span class='ocrx_word' id='word_1_157' title='bbox 748 1170 776 1192; x_wconf 89' lang='lat' dir='ltr'><strong>tu</strong></span> <span class='ocrx_word' id='word_1_158' title='bbox 790 1174 852 1191; x_wconf 78' lang='lat' dir='ltr'><strong>vcro</strong></span> <span class='ocrx_word' id='word_1_159' title='bbox 863 1163 939 1197; x_wconf 69' lang='lat' dir='ltr'><strong>‹lii-is,</strong></span> 
     </span>
     <span class='ocr_line' id='line_1_24' title="bbox 201 1208 941 1249; baseline -0.007 -8"><span class='ocrx_word' id='word_1_160' title='bbox 201 1213 242 1241; x_wconf 84' lang='lat' dir='ltr'><strong>Ne</strong></span> <span class='ocrx_word' id='word_1_161' title='bbox 251 1212 317 1240; x_wconf 89' lang='lat' dir='ltr'><strong>mihi</strong></span> <span class='ocrx_word' id='word_1_162' title='bbox 332 1212 426 1240; x_wconf 65' lang='lat' dir='ltr'><strong>ciclum</strong></span> <span class='ocrx_word' id='word_1_163' title='bbox 440 1211 544 1240; x_wconf 88' lang='lat' dir='ltr'><strong>dederis</strong></span> <span class='ocrx_word' id='word_1_164' title='bbox 553 1233 560 1247; x_wconf 93' lang='lat'><strong>,</strong></span> <span class='ocrx_word' id='word_1_165' title='bbox 573 1209 619 1238; x_wconf 82' lang='lat' dir='ltr'><strong>sed</strong></span> <span class='ocrx_word' id='word_1_166' title='bbox 629 1221 676 1249; x_wconf 86' lang='lat' dir='ltr'><strong>pro</strong></span> <span class='ocrx_word' id='word_1_167' title='bbox 687 1210 750 1237; x_wconf 62' lang='lat' dir='ltr'><strong>carlo</strong></span> <span class='ocrx_word' id='word_1_168' title='bbox 763 1220 858 1237; x_wconf 84' lang='lat' dir='ltr'><strong>aurum</strong></span> <span class='ocrx_word' id='word_1_169' title='bbox 872 1208 941 1236; x_wconf 90' lang='lat' dir='ltr'><strong>illud</strong></span> 
     </span>
    </p>
   </div>
   <div class='ocr_carea' id='block_1_6' title="bbox 179 1255 939 1297">
    <p class='ocr_par' dir='ltr' id='par_1_6' title="bbox 179 1255 939 1297">
     <span class='ocr_line' id='line_1_25' title="bbox 179 1255 939 1297; baseline -0.004 -11"><span class='ocrx_word' id='word_1_170' title='bbox 179 1278 182 1281; x_wconf 56' lang='lat'><strong>&gt;</strong></span> <span class='ocrx_word' id='word_1_171' title='bbox 201 1258 351 1297; x_wconf 86' lang='lat' dir='ltr'><strong>periturum</strong></span> <span class='ocrx_word' id='word_1_172' title='bbox 366 1270 372 1284; x_wconf 92' lang='lat'>:</span> <span class='ocrx_word' id='word_1_173' title='bbox 388 1258 438 1285; x_wconf 78' lang='lat' dir='ltr'><strong>lioc</strong></span> <span class='ocrx_word' id='word_1_174' title='bbox 450 1263 489 1284; x_wconf 86' lang='lat' dir='ltr'><strong>cst</strong></span> <span class='ocrx_word' id='word_1_175' title='bbox 508 1256 577 1286; x_wconf 78' lang='lat' dir='ltr'><strong>velle</strong></span> <span class='ocrx_word' id='word_1_176' title='bbox 590 1256 616 1283; x_wconf 96' lang='lat' dir='ltr'><strong>in</strong></span> <span class='ocrx_word' id='word_1_177' title='bbox 632 1255 758 1294; x_wconf 76' lang='lat' dir='ltr'><strong>pauperie</strong></span> <span class='ocrx_word' id='word_1_178' title='bbox 772 1266 884 1282; x_wconf 83' lang='lat' dir='ltr'><strong>manere.</strong></span> <span class='ocrx_word' id='word_1_179' title='bbox 899 1255 939 1283; x_wconf 77' lang='lat' dir='ltr'><strong>lta</strong></span> 
     </span>
    </p>
   </div>
   <div class='ocr_carea' id='block_1_7' title="bbox 198 1300 939 1526">
    <p class='ocr_par' dir='ltr' id='par_1_7' title="bbox 198 1300 939 1526">
     <span class='ocr_line' id='line_1_26' title="bbox 201 1300 938 1341; baseline -0.003 -11"><span class='ocrx_word' id='word_1_180' title='bbox 201 1304 248 1341; x_wconf 90' lang='lat' dir='ltr'><strong>qui</strong></span> <span class='ocrx_word' id='word_1_181' title='bbox 269 1314 344 1332; x_wconf 75' lang='lat' dir='ltr'><strong>veras</strong></span> <span class='ocrx_word' id='word_1_182' title='bbox 365 1302 474 1331; x_wconf 75' lang='lat' dir='ltr'><strong>divitias</strong></span> <span class='ocrx_word' id='word_1_183' title='bbox 496 1301 673 1340; x_wconf 77' lang='lat' dir='ltr'><strong>concupiscit,</strong></span> <span class='ocrx_word' id='word_1_184' title='bbox 690 1301 711 1328; x_wconf 77' lang='lat' dir='ltr'><strong>is</strong></span> <span class='ocrx_word' id='word_1_185' title='bbox 737 1300 869 1328; x_wconf 80' lang='lat' dir='ltr'><strong>manentia</strong></span> <span class='ocrx_word' id='word_1_186' title='bbox 890 1310 938 1339; x_wconf 86' lang='lat' dir='ltr'><strong>pro</strong></span> 
     </span>
     <span class='ocr_line' id='line_1_27' title="bbox 201 1346 938 1388; baseline -0.007 -11"><span class='ocrx_word' id='word_1_187' title='bbox 201 1349 336 1388; x_wconf 87' lang='lat' dir='ltr'><strong>perituris,</strong></span> <span class='ocrx_word' id='word_1_188' title='bbox 349 1349 506 1377; x_wconf 75' lang='lat' dir='ltr'><strong>inexhausta</strong></span> <span class='ocrx_word' id='word_1_189' title='bbox 517 1358 565 1386; x_wconf 90' lang='lat' dir='ltr'><strong>pro</strong></span> <span class='ocrx_word' id='word_1_190' title='bbox 576 1346 665 1381; x_wconf 74' lang='lat' dir='ltr'><strong>fluxis,</strong></span> <span class='ocrx_word' id='word_1_191' title='bbox 677 1346 760 1374; x_wconf 86' lang='lat' dir='ltr'><strong>multa</strong></span> <span class='ocrx_word' id='word_1_192' title='bbox 772 1357 820 1385; x_wconf 87' lang='lat' dir='ltr'><strong>pro</strong></span> <span class='ocrx_word' id='word_1_193' title='bbox 833 1346 938 1385; x_wconf 76' lang='lat' dir='ltr'><strong>paucis,</strong></span> 
     </span>
     <span class='ocr_line' id='line_1_28' title="bbox 199 1392 939 1434; baseline -0.005 -11"><span class='ocrx_word' id='word_1_194' title='bbox 199 1395 414 1434; x_wconf 80' lang='lat' dir='ltr'><strong>incorruptibilia</strong></span> <span class='ocrx_word' id='word_1_195' title='bbox 423 1405 471 1433; x_wconf 86' lang='lat' dir='ltr'><strong>pro</strong></span> <span class='ocrx_word' id='word_1_196' title='bbox 479 1393 700 1432; x_wconf 81' lang='lat' dir='ltr'><strong>corruptibilibus</strong></span> <span class='ocrx_word' id='word_1_197' title='bbox 712 1392 789 1430; x_wconf 78' lang='lat' dir='ltr'><strong>eliget</strong></span> <span class='ocrx_word' id='word_1_198' title='bbox 800 1404 805 1419; x_wconf 73' lang='grc' dir='ltr'>ε</span> <span class='ocrx_word' id='word_1_199' title='bbox 815 1399 839 1420; x_wconf 87' lang='lat' dir='ltr'><strong>et</strong></span> <span class='ocrx_word' id='word_1_200' title='bbox 850 1392 887 1419; x_wconf 90' lang='lat' dir='ltr'><strong>sic</strong></span> <span class='ocrx_word' id='word_1_201' title='bbox 894 1392 939 1420; x_wconf 81' lang='lat' dir='ltr'><strong>illa</strong></span> 
     </span>
     <span class='ocr_line' id='line_1_29' title="bbox 198 1438 938 1479; baseline -0.005 -10"><span class='ocrx_word' id='word_1_202' title='bbox 198 1442 279 1469; x_wconf 74' lang='lat' dir='ltr'><strong>etium</strong></span> <span class='ocrx_word' id='word_1_203' title='bbox 290 1447 438 1479; x_wconf 82' lang='lat' dir='ltr'><strong>sequentur.</strong></span> <span class='ocrx_word' id='word_1_204' title='bbox 451 1440 520 1468; x_wconf 85' lang='lat' dir='ltr'><strong>Nam</strong></span> <span class='ocrx_word' id='word_1_205' title='bbox 529 1439 573 1477; x_wconf 89' lang='lat' dir='ltr'><strong>qui</strong></span> <span class='ocrx_word' id='word_1_206' title='bbox 586 1446 681 1466; x_wconf 85' lang='lat' dir='ltr'><strong>terram</strong></span> <span class='ocrx_word' id='word_1_207' title='bbox 693 1445 752 1466; x_wconf 88' lang='lat' dir='ltr'><strong>ante</strong></span> <span class='ocrx_word' id='word_1_208' title='bbox 765 1438 858 1466; x_wconf 71' lang='lat' dir='ltr'><strong>ezr-lum</strong></span> <span class='ocrx_word' id='word_1_209' title='bbox 868 1448 938 1475; x_wconf 75' lang='lat' dir='ltr'><strong>‹pue-</strong></span> 
     </span>
     <span class='ocr_line' id='line_1_30' title="bbox 199 1484 937 1526; baseline -0.005 -10"><span class='ocrx_word' id='word_1_210' title='bbox 199 1488 243 1525; x_wconf 80' lang='lat' dir='ltr'><strong>rit,</strong></span> <span class='ocrx_word' id='word_1_211' title='bbox 254 1488 288 1516; x_wconf 86' lang='lat' dir='ltr'><strong>ab</strong></span> <span class='ocrx_word' id='word_1_212' title='bbox 297 1488 343 1516; x_wconf 83' lang='lat' dir='ltr'><strong>illa</strong></span> <span class='ocrx_word' id='word_1_213' title='bbox 351 1497 459 1526; x_wconf 88' lang='lat' dir='ltr'><strong>prorsus</strong></span> <span class='ocrx_word' id='word_1_214' title='bbox 469 1485 573 1514; x_wconf 74' lang='lat' dir='ltr'><strong>excidet</strong></span> <span class='ocrx_word' id='word_1_215' title='bbox 582 1497 588 1512; x_wconf 92' lang='lat'>:</span> <span class='ocrx_word' id='word_1_216' title='bbox 596 1485 643 1524; x_wconf 78' lang='lat' dir='ltr'><strong>qui</strong></span> <span class='ocrx_word' id='word_1_217' title='bbox 660 1492 749 1513; x_wconf 82' lang='lat' dir='ltr'><strong>autem</strong></span> <span class='ocrx_word' id='word_1_218' title='bbox 757 1484 851 1513; x_wconf 80' lang='lat' dir='ltr'><strong>caelum</strong></span> <span class='ocrx_word' id='word_1_219' title='bbox 863 1491 937 1513; x_wconf 60' lang='lat' dir='ltr'><strong>terrae</strong></span> 
     </span>
    </p>
   </div>
   <div class='ocr_carea' id='block_1_8' title="bbox 959 377 976 399">
    <p class='ocr_par' dir='ltr' id='par_1_8' title="bbox 959 377 976 399">
     <span class='ocr_line' id='line_1_31' title="bbox 959 377 976 399; baseline -0.059 0"><span class='ocrx_word' id='word_1_220' title='bbox 959 377 976 399; x_wconf 82' lang='lat' dir='ltr'>C</span> 
     </span>
    </p>
   </div>
   <div class='ocr_carea' id='block_1_9' title="bbox 743 225 1409 250">
    <p class='ocr_par' dir='ltr' id='par_1_9' title="bbox 743 225 1409 250">
     <span class='ocr_line' id='line_1_32' title="bbox 743 225 1409 250; baseline 0 -1"><span class='ocrx_word' id='word_1_221' title='bbox 743 226 926 249; x_wconf 75' lang='lat' dir='ltr'><strong>CHRYSOST.</strong></span> <span class='ocrx_word' id='word_1_222' title='bbox 957 225 1112 248; x_wconf 75' lang='lat' dir='ltr'>ARCHIEP.</span> <span class='ocrx_word' id='word_1_223' title='bbox 1135 226 1409 250; x_wconf 76' lang='lat' dir='ltr'><strong>CONSTANTINOP-</strong></span> 
     </span>
    </p>
   </div>
   <div class='ocr_carea' id='block_1_10' title="bbox 994 287 1768 1476">
    <p class='ocr_par' dir='ltr' id='par_1_10' title="bbox 994 287 1768 1476">
     <span class='ocr_line' id='line_1_33' title="bbox 999 287 1766 328; baseline 0.009 -13"><span class='ocrx_word' id='word_1_224' title='bbox 999 299 1040 316; x_wconf 87' lang='grc' dir='ltr'><strong>νον</strong></span> <span class='ocrx_word' id='word_1_225' title='bbox 1065 289 1142 324; x_wconf 64' lang='grc' dir='ltr'>ἡμῖν,</span> <span class='ocrx_word' id='word_1_226' title='bbox 1168 287 1251 317; x_wconf 78' lang='grc' dir='ltr'>Οὐδὲν</span> <span class='ocrx_word' id='word_1_227' title='bbox 1277 288 1341 328; x_wconf 84' lang='grc' dir='ltr'>γὰρ,</span> <span class='ocrx_word' id='word_1_228' title='bbox 1368 288 1439 318; x_wconf 78' lang='grc' dir='ltr'>οὐδὲν</span> <span class='ocrx_word' id='word_1_229' title='bbox 1467 291 1517 319; x_wconf 75' lang='grc' dir='ltr'><strong>τῶν</strong></span> <span class='ocrx_word' id='word_1_230' title='bbox 1549 292 1657 321; x_wconf 75' lang='grc' dir='ltr'>ἐνταῦθα</span> <span class='ocrx_word' id='word_1_231' title='bbox 1684 292 1766 322; x_wconf 81' lang='grc' dir='ltr'>τόκων</span> 
     </span>
     <span class='ocr_line' id='line_1_34' title="bbox 999 332 1768 377; baseline 0.009 -17"><span class='ocrx_word' id='word_1_232' title='bbox 999 332 1177 372; x_wconf 74' lang='grc' dir='ltr'>αἰσχρότερον,</span> <span class='ocrx_word' id='word_1_233' title='bbox 1197 332 1267 361; x_wconf 79' lang='grc' dir='ltr'>οὐδὲν</span> <span class='ocrx_word' id='word_1_234' title='bbox 1286 333 1425 373; x_wconf 81' lang='grc' dir='ltr'>ὠμότερον.</span> <span class='ocrx_word' id='word_1_235' title='bbox 1447 335 1503 368; x_wconf 87' lang='grc' dir='ltr'><strong>Τὰς</strong></span> <span class='ocrx_word' id='word_1_236' title='bbox 1524 336 1574 376; x_wconf 83' lang='grc' dir='ltr'><strong>γὰρ</strong></span> <span class='ocrx_word' id='word_1_237' title='bbox 1594 337 1730 377; x_wconf 76' lang='grc' dir='ltr'>ἀλλοτρίας</span> <span class='ocrx_word' id='word_1_238' title='bbox 1755 339 1768 366; x_wconf 79' lang='grc' dir='ltr'><strong>ὁ</strong></span> 
     </span>
     <span class='ocr_line' id='line_1_35' title="bbox 996 377 1766 421; baseline 0.009 -16"><span class='ocrx_word' id='word_1_239' title='bbox 996 377 1128 410; x_wconf 74' lang='grc' dir='ltr'><strong>τοιοῦτοςιι</strong></span> <span class='ocrx_word' id='word_1_240' title='bbox 1142 378 1354 417; x_wconf 76' lang='grc' dir='ltr'>πραγματεύεται</span> <span class='ocrx_word' id='word_1_241' title='bbox 1365 381 1512 421; x_wconf 70' lang='grc' dir='ltr'>συμφορὰς,</span> <span class='ocrx_word' id='word_1_242' title='bbox 1524 382 1569 410; x_wconf 78' lang='grc' dir='ltr'><strong>καὶ</strong></span> <span class='ocrx_word' id='word_1_243' title='bbox 1582 382 1706 421; x_wconf 83' lang='grc' dir='ltr'>πρόσοδον</span> <span class='ocrx_word' id='word_1_244' title='bbox 1719 383 1766 418; x_wconf 87' lang='grc' dir='ltr'><strong>τὴν</strong></span> 
     </span>
     <span class='ocr_line' id='line_1_36' title="bbox 997 423 1766 467; baseline 0.008 -16"><span class='ocrx_word' id='word_1_245' title='bbox 997 423 1082 463; x_wconf 80' lang='grc' dir='ltr'>ἑτέρου</span> <span class='ocrx_word' id='word_1_246' title='bbox 1105 424 1262 464; x_wconf 69' lang='grc' dir='ltr'>δυσημερίαν</span> <span class='ocrx_word' id='word_1_247' title='bbox 1283 430 1408 461; x_wconf 82' lang='grc' dir='ltr'>ποιεῖται,</span> <span class='ocrx_word' id='word_1_248' title='bbox 1430 426 1474 455; x_wconf 83' lang='grc' dir='ltr'><strong>καὶ</strong></span> <span class='ocrx_word' id='word_1_249' title='bbox 1499 428 1588 465; x_wconf 81' lang='grc' dir='ltr'>μισθὸν</span> <span class='ocrx_word' id='word_1_250' title='bbox 1606 430 1711 457; x_wconf 87' lang='grc' dir='ltr'>ἀπαιτεῖ</span> <span class='ocrx_word' id='word_1_251' title='bbox 1727 441 1766 467; x_wconf 78' lang='grc' dir='ltr'><strong>φι-</strong></span> 
     </span>
     <span class='ocr_line' id='line_1_37' title="bbox 995 470 1766 512; baseline 0.006 -14"><span class='ocrx_word' id='word_1_252' title='bbox 995 470 1173 510; x_wconf 81' lang='grc' dir='ltr'>λανθρωπίας,</span> <span class='ocrx_word' id='word_1_253' title='bbox 1203 470 1247 499; x_wconf 82' lang='grc' dir='ltr'><strong>καὶ</strong></span> <span class='ocrx_word' id='word_1_254' title='bbox 1274 472 1393 512; x_wconf 74' lang='grc' dir='ltr'>καθάπερ</span> <span class='ocrx_word' id='word_1_255' title='bbox 1418 473 1537 506; x_wconf 81' lang='grc' dir='ltr'>δεδοικὼς</span> <span class='ocrx_word' id='word_1_256' title='bbox 1562 474 1598 512; x_wconf 86' lang='grc' dir='ltr'>μὴ</span> <span class='ocrx_word' id='word_1_257' title='bbox 1616 474 1766 512; x_wconf 78' lang='grc' dir='ltr'>ἀνελεήμων</span> 
     </span>
     <span class='ocr_line' id='line_1_38' title="bbox 995 516 1768 559; baseline 0.005 -15"><span class='ocrx_word' id='word_1_258' title='bbox 995 519 1062 555; x_wconf 74' lang='grc' dir='ltr'>φανῇ</span> <span class='ocrx_word' id='word_1_259' title='bbox 1076 539 1082 551; x_wconf 86' lang='grc'>,</span> <span class='ocrx_word' id='word_1_260' title='bbox 1100 516 1143 544; x_wconf 85' lang='grc' dir='ltr'><strong>καὶ</strong></span> <span class='ocrx_word' id='word_1_261' title='bbox 1154 516 1323 556; x_wconf 76' lang='grc' dir='ltr'>προσχήματι</span> <span class='ocrx_word' id='word_1_262' title='bbox 1338 518 1532 558; x_wconf 57' lang='grc' dir='ltr'>φιλανθρωπίας</span> <span class='ocrx_word' id='word_1_263' title='bbox 1545 518 1682 559; x_wconf 77' lang='grc' dir='ltr'>βαθύτερον</span> <span class='ocrx_word' id='word_1_264' title='bbox 1694 518 1768 559; x_wconf 75' lang='grc' dir='ltr'>ὀρύσ-</span> 
     </span>
     <span class='ocr_line' id='line_1_39' title="bbox 995 561 1768 604; baseline 0.005 -15"><span class='ocrx_word' id='word_1_265' title='bbox 995 573 1034 590; x_wconf 84' lang='grc' dir='ltr'>σει</span> <span class='ocrx_word' id='word_1_266' title='bbox 1052 562 1094 590; x_wconf 82' lang='grc' dir='ltr'><strong>τὸν</strong></span> <span class='ocrx_word' id='word_1_267' title='bbox 1109 561 1209 601; x_wconf 78' lang='grc' dir='ltr'>βόθρον,</span> <span class='ocrx_word' id='word_1_268' title='bbox 1229 564 1253 590; x_wconf 80' lang='grc' dir='ltr'><strong>ἐν</strong></span> <span class='ocrx_word' id='word_1_269' title='bbox 1274 564 1311 602; x_wconf 77' lang='grc' dir='ltr'><strong>τῷ</strong></span> <span class='ocrx_word' id='word_1_270' title='bbox 1327 564 1427 600; x_wconf 75' lang='grc' dir='ltr'>βοηθεῖν</span> <span class='ocrx_word' id='word_1_271' title='bbox 1443 564 1582 604; x_wconf 61' lang='grc' dir='ltr'>ἐπιτρίῧων</span> <span class='ocrx_word' id='word_1_272' title='bbox 1599 563 1646 598; x_wconf 85' lang='grc' dir='ltr'><strong>τὴν</strong></span> <span class='ocrx_word' id='word_1_273' title='bbox 1667 564 1768 600; x_wconf 83' lang='grc' dir='ltr'>πενίαν,</span> 
     </span>
     <span class='ocr_line' id='line_1_40' title="bbox 994 607 1767 649; baseline 0.004 -14"><span class='ocrx_word' id='word_1_274' title='bbox 994 607 1038 635; x_wconf 80' lang='grc' dir='ltr'><strong>καὶ</strong></span> <span class='ocrx_word' id='word_1_275' title='bbox 1050 609 1075 636; x_wconf 75' lang='grc' dir='ltr'><strong>ἐν</strong></span> <span class='ocrx_word' id='word_1_276' title='bbox 1088 610 1126 647; x_wconf 82' lang='grc' dir='ltr'><strong>τῷ</strong></span> <span class='ocrx_word' id='word_1_277' title='bbox 1146 612 1222 647; x_wconf 72' lang='grc' dir='ltr'>χεῖρα</span> <span class='ocrx_word' id='word_1_278' title='bbox 1237 608 1337 648; x_wconf 81' lang='grc' dir='ltr'>ὀρέγειν</span> <span class='ocrx_word' id='word_1_279' title='bbox 1352 609 1434 644; x_wconf 84' lang='grc' dir='ltr'>ὠθῶν,</span> <span class='ocrx_word' id='word_1_280' title='bbox 1456 610 1500 637; x_wconf 83' lang='grc' dir='ltr'><strong>καὶ</strong></span> <span class='ocrx_word' id='word_1_281' title='bbox 1516 609 1653 649; x_wconf 73' lang='grc' dir='ltr'>δεχόμενος</span> <span class='ocrx_word' id='word_1_282' title='bbox 1671 609 1716 648; x_wconf 83' lang='grc' dir='ltr'><strong>μὲν</strong></span> <span class='ocrx_word' id='word_1_283' title='bbox 1732 612 1767 642; x_wconf 83' lang='grc' dir='ltr'><strong>ὡς</strong></span> 
     </span>
     <span class='ocr_line' id='line_1_41' title="bbox 994 653 1766 695; baseline 0.004 -14"><span class='ocrx_word' id='word_1_284' title='bbox 994 655 1029 686; x_wconf 82' lang='grc' dir='ltr'>εἷς</span> <span class='ocrx_word' id='word_1_285' title='bbox 1039 653 1146 691; x_wconf 80' lang='grc' dir='ltr'>λιμένα,</span> <span class='ocrx_word' id='word_1_286' title='bbox 1164 653 1281 692; x_wconf 82' lang='grc' dir='ltr'>ναυαγίῳ</span> <span class='ocrx_word' id='word_1_287' title='bbox 1302 653 1328 682; x_wconf 76' lang='grc' dir='ltr'><strong>δὲ</strong></span> <span class='ocrx_word' id='word_1_288' title='bbox 1343 654 1518 694; x_wconf 63' lang='grc' dir='ltr'>περιὲάλλων,</span> <span class='ocrx_word' id='word_1_289' title='bbox 1535 657 1570 687; x_wconf 86' lang='grc' dir='ltr'><strong>ὡς</strong></span> <span class='ocrx_word' id='word_1_290' title='bbox 1589 657 1613 684; x_wconf 84' lang='grc' dir='ltr'><strong>ἐν</strong></span> <span class='ocrx_word' id='word_1_291' title='bbox 1632 655 1766 695; x_wconf 80' lang='grc' dir='ltr'>σκοπέλῳ,</span> 
     </span>
     <span class='ocr_line' id='line_1_42' title="bbox 995 699 1765 738; baseline 0.005 -11"><span class='ocrx_word' id='word_1_292' title='bbox 995 699 1039 727; x_wconf 78' lang='grc' dir='ltr'><strong>καὶ</strong></span> <span class='ocrx_word' id='word_1_293' title='bbox 1056 700 1160 738; x_wconf 71' lang='grc' dir='ltr'>ὑφάλῳ,</span> <span class='ocrx_word' id='word_1_294' title='bbox 1176 700 1220 727; x_wconf 83' lang='grc' dir='ltr'><strong>καὶ</strong></span> <span class='ocrx_word' id='word_1_295' title='bbox 1236 700 1356 736; x_wconf 79' lang='grc' dir='ltr'>σπιλάδι,</span> <span class='ocrx_word' id='word_1_296' title='bbox 1377 704 1479 730; x_wconf 72' lang='grc' dir='ltr'>τοῦτον..</span> <span class='ocrx_word' id='word_1_297' title='bbox 1492 701 1570 730; x_wconf 85' lang='grc' dir='ltr'>Ἀλλὰ</span> <span class='ocrx_word' id='word_1_298' title='bbox 1590 702 1616 730; x_wconf 84' lang='grc' dir='ltr'><strong>τί</strong></span> <span class='ocrx_word' id='word_1_299' title='bbox 1635 701 1765 738; x_wconf 74' lang='grc' dir='ltr'>κελεΰεις;</span> 
     </span>
     <span class='ocr_line' id='line_1_43' title="bbox 996 744 1766 787; baseline 0.004 -14"><span class='ocrx_word' id='word_1_300' title='bbox 996 744 1058 784; x_wconf 74' lang='grc' dir='ltr'>φησί</span> <span class='ocrx_word' id='word_1_301' title='bbox 1068 757 1073 762; x_wconf 91' lang='grc'><em>·</em></span> <span class='ocrx_word' id='word_1_302' title='bbox 1084 745 1113 773; x_wconf 74' lang='grc' dir='ltr'><strong>τὸ</strong></span> <span class='ocrx_word' id='word_1_303' title='bbox 1124 744 1261 784; x_wconf 73' lang='grc' dir='ltr'>συλλεχθὲν</span> <span class='ocrx_word' id='word_1_304' title='bbox 1275 745 1458 785; x_wconf 73' lang='grc' dir='ltr'>ἀργύριον,καὶ</span> <span class='ocrx_word' id='word_1_305' title='bbox 1468 747 1525 785; x_wconf 75' lang='grc' dir='ltr'>ἐμοὶ</span> <span class='ocrx_word' id='word_1_306' title='bbox 1536 747 1675 787; x_wconf 80' lang='grc' dir='ltr'>χρήσιμον,</span> <span class='ocrx_word' id='word_1_307' title='bbox 1687 746 1766 787; x_wconf 82' lang='grc' dir='ltr'>ἑτέρῳ</span> 
     </span>
     <span class='ocr_line' id='line_1_44' title="bbox 996 790 1766 830; baseline 0.004 -12"><span class='ocrx_word' id='word_1_308' title='bbox 996 790 1094 819; x_wconf 81' lang='grc' dir='ltr'>διδόναι</span> <span class='ocrx_word' id='word_1_309' title='bbox 1114 791 1148 822; x_wconf 79' lang='grc' dir='ltr'>εἷς</span> <span class='ocrx_word' id='word_1_310' title='bbox 1169 790 1301 830; x_wconf 78' lang='grc' dir='ltr'>ἐργασίαν,</span> <span class='ocrx_word' id='word_1_311' title='bbox 1327 791 1371 820; x_wconf 84' lang='grc' dir='ltr'><strong>καὶ</strong></span> <span class='ocrx_word' id='word_1_312' title='bbox 1396 792 1494 829; x_wconf 77' lang='grc' dir='ltr'>μηδένα</span> <span class='ocrx_word' id='word_1_313' title='bbox 1517 792 1606 830; x_wconf 84' lang='grc' dir='ltr'>μισθὸν</span> <span class='ocrx_word' id='word_1_314' title='bbox 1629 794 1766 829; x_wconf 81' lang='grc' dir='ltr'>ἀπαιτεὶν;</span> 
     </span>
     <span class='ocr_line' id='line_1_45' title="bbox 996 837 1767 878; baseline 0.004 -13"><span class='ocrx_word' id='word_1_315' title='bbox 996 837 1095 876; x_wconf 75' lang='grc' dir='ltr'>Ἄπαγε</span> <span class='ocrx_word' id='word_1_316' title='bbox 1107 849 1112 855; x_wconf 89' lang='grc'><em>·</em></span> <span class='ocrx_word' id='word_1_317' title='bbox 1130 839 1158 866; x_wconf 79' lang='grc' dir='ltr'>οὐ</span> <span class='ocrx_word' id='word_1_318' title='bbox 1170 838 1238 876; x_wconf 56' lang='grc' dir='ltr'>φημὶ</span> <span class='ocrx_word' id='word_1_319' title='bbox 1254 841 1328 866; x_wconf 72' lang='grc' dir='ltr'>τοῦτο</span> <span class='ocrx_word' id='word_1_320' title='bbox 1340 837 1404 876; x_wconf 79' lang='grc' dir='ltr'>ἐγὼ,</span> <span class='ocrx_word' id='word_1_321' title='bbox 1423 839 1489 867; x_wconf 80' lang='grc' dir='ltr'>ἀλλὰ</span> <span class='ocrx_word' id='word_1_322' title='bbox 1504 839 1548 867; x_wconf 83' lang='grc' dir='ltr'><strong>καὶ</strong></span> <span class='ocrx_word' id='word_1_323' title='bbox 1565 839 1663 878; x_wconf 69' lang='grc' dir='ltr'>σφόδρα</span> <span class='ocrx_word' id='word_1_324' title='bbox 1679 838 1767 877; x_wconf 77' lang='grc' dir='ltr'>βούλο-</span> 
     </span>
     <span class='ocr_line' id='line_1_46' title="bbox 998 883 1767 925; baseline 0.004 -14"><span class='ocrx_word' id='word_1_325' title='bbox 998 883 1046 921; x_wconf 90' lang='grc' dir='ltr'><strong>μαί</strong></span> <span class='ocrx_word' id='word_1_326' title='bbox 1058 895 1086 912; x_wconf 85' lang='grc' dir='ltr'>σε</span> <span class='ocrx_word' id='word_1_327' title='bbox 1102 884 1190 921; x_wconf 76' lang='grc' dir='ltr'>μισθὸν</span> <span class='ocrx_word' id='word_1_328' title='bbox 1206 883 1304 919; x_wconf 49' lang='lat' dir='ltr'><strong>longetia,</strong></span> <span class='ocrx_word' id='word_1_329' title='bbox 1317 886 1345 913; x_wconf 78' lang='grc' dir='ltr'>οὐ</span> <span class='ocrx_word' id='word_1_330' title='bbox 1361 884 1411 922; x_wconf 84' lang='grc' dir='ltr'><strong>μὴν</strong></span> <span class='ocrx_word' id='word_1_331' title='bbox 1422 887 1510 920; x_wconf 72' lang='grc' dir='ltr'>εὐτελῆ</span> <span class='ocrx_word' id='word_1_332' title='bbox 1527 885 1572 913; x_wconf 79' lang='grc' dir='ltr'><strong>καὶ</strong></span> <span class='ocrx_word' id='word_1_333' title='bbox 1583 885 1684 925; x_wconf 78' lang='grc' dir='ltr'>μικρὸν,</span> <span class='ocrx_word' id='word_1_334' title='bbox 1700 886 1767 915; x_wconf 82' lang='grc' dir='ltr'>ἀλλὰ</span> 
     </span>
     <span class='ocr_line' id='line_1_47' title="bbox 996 929 1767 971; baseline 0.005 -15"><span class='ocrx_word' id='word_1_335' title='bbox 996 930 1085 968; x_wconf 77' lang='grc' dir='ltr'>πολλῷ</span> <span class='ocrx_word' id='word_1_336' title='bbox 1101 929 1205 967; x_wconf 79' lang='grc' dir='ltr'>μείζονα</span> <span class='ocrx_word' id='word_1_337' title='bbox 1215 941 1220 946; x_wconf 91' lang='grc'><em>·</em></span> <span class='ocrx_word' id='word_1_338' title='bbox 1236 929 1292 958; x_wconf 79' lang='grc' dir='ltr'>ἀντὶ</span> <span class='ocrx_word' id='word_1_339' title='bbox 1304 929 1354 969; x_wconf 77' lang='grc' dir='ltr'><strong>γὰρ</strong></span> <span class='ocrx_word' id='word_1_340' title='bbox 1364 930 1487 970; x_wconf 76' lang='grc' dir='ltr'>χρυσίου,</span> <span class='ocrx_word' id='word_1_341' title='bbox 1503 931 1545 960; x_wconf 80' lang='grc' dir='ltr'><strong>τὸν</strong></span> <span class='ocrx_word' id='word_1_342' title='bbox 1560 932 1665 971; x_wconf 72' lang='grc' dir='ltr'>οὐρανὸν</span> <span class='ocrx_word' id='word_1_343' title='bbox 1679 931 1767 970; x_wconf 83' lang='grc' dir='ltr'>βούλο-</span> 
     </span>
     <span class='ocr_line' id='line_1_48' title="bbox 998 973 1766 1015; baseline 0.007 -14"><span class='ocrx_word' id='word_1_344' title='bbox 998 973 1047 1011; x_wconf 86' lang='grc' dir='ltr'><strong>μαί</strong></span> <span class='ocrx_word' id='word_1_345' title='bbox 1063 986 1091 1002; x_wconf 84' lang='grc' dir='ltr'>σε</span> <span class='ocrx_word' id='word_1_346' title='bbox 1103 974 1176 1002; x_wconf 78' lang='grc' dir='ltr'>τόκον</span> <span class='ocrx_word' id='word_1_347' title='bbox 1192 974 1290 1004; x_wconf 66' lang='grc' dir='ltr'>λαῧεῖν.</span> <span class='ocrx_word' id='word_1_348' title='bbox 1307 975 1342 1003; x_wconf 85' lang='grc' dir='ltr'><strong>Τί</strong></span> <span class='ocrx_word' id='word_1_349' title='bbox 1356 975 1439 1004; x_wconf 82' lang='grc' dir='ltr'>τοίνυν</span> <span class='ocrx_word' id='word_1_350' title='bbox 1462 978 1497 1008; x_wconf 81' lang='grc' dir='ltr'>εἷς</span> <span class='ocrx_word' id='word_1_351' title='bbox 1511 976 1643 1015; x_wconf 71' lang='grc' dir='ltr'>πτωχείαν</span> <span class='ocrx_word' id='word_1_352' title='bbox 1660 977 1766 1006; x_wconf 83' lang='grc' dir='ltr'>σεαυτὸν</span> 
     </span>
     <span class='ocr_line' id='line_1_49' title="bbox 997 1019 1767 1063; baseline 0.006 -17"><span class='ocrx_word' id='word_1_353' title='bbox 997 1019 1160 1052; x_wconf 81' lang='grc' dir='ltr'>κατακλείεις</span> <span class='ocrx_word' id='word_1_354' title='bbox 1177 1020 1235 1059; x_wconf 72' lang='grc' dir='ltr'>περὶ</span> <span class='ocrx_word' id='word_1_355' title='bbox 1257 1020 1304 1054; x_wconf 71' lang='grc' dir='ltr'><strong>τὴν</strong></span> <span class='ocrx_word' id='word_1_356' title='bbox 1319 1024 1366 1059; x_wconf 70' lang='grc' dir='ltr'><strong>γῆν</strong></span> <span class='ocrx_word' id='word_1_357' title='bbox 1389 1021 1528 1061; x_wconf 79' lang='grc' dir='ltr'>συρόμενος</span> <span class='ocrx_word' id='word_1_358' title='bbox 1551 1023 1595 1050; x_wconf 82' lang='grc' dir='ltr'><strong>καὶ</strong></span> <span class='ocrx_word' id='word_1_359' title='bbox 1610 1022 1691 1063; x_wconf 83' lang='grc' dir='ltr'>μικρὰ</span> <span class='ocrx_word' id='word_1_360' title='bbox 1710 1023 1767 1051; x_wconf 75' lang='grc' dir='ltr'>ἀντὶ</span> 
     </span>
     <span class='ocr_line' id='line_1_50' title="bbox 998 1065 1767 1106; baseline 0.007 -14"><span class='ocrx_word' id='word_1_361' title='bbox 998 1065 1117 1102; x_wconf 83' lang='grc' dir='ltr'>μεγάλων</span> <span class='ocrx_word' id='word_1_362' title='bbox 1136 1067 1269 1102; x_wconf 67' lang='grc' dir='ltr'>ἀπαιτῶν,</span> <span class='ocrx_word' id='word_1_363' title='bbox 1286 1067 1370 1095; x_wconf 55' lang='lat' dir='ltr'><strong>&#39;sesam</strong></span> <span class='ocrx_word' id='word_1_364' title='bbox 1384 1067 1434 1106; x_wconf 84' lang='grc' dir='ltr'><strong>γὰρ</strong></span> <span class='ocrx_word' id='word_1_365' title='bbox 1448 1068 1493 1095; x_wconf 72' lang='grc' dir='ltr'>οὐκ</span> <span class='ocrx_word' id='word_1_366' title='bbox 1510 1067 1604 1100; x_wconf 81' lang='grc' dir='ltr'>εἰδότος</span> <span class='ocrx_word' id='word_1_367' title='bbox 1621 1068 1675 1097; x_wconf 75' lang='grc' dir='ltr'><strong>ἐστὶ</strong></span> <span class='ocrx_word' id='word_1_368' title='bbox 1689 1069 1767 1097; x_wconf 84' lang='grc' dir='ltr'>πλου-</span> 
     </span>
     <span class='ocr_line' id='line_1_51' title="bbox 996 1111 1765 1152; baseline 0.005 -14"><span class='ocrx_word' id='word_1_369' title='bbox 996 1115 1057 1139; x_wconf 86' lang='grc' dir='ltr'>τεῖν.</span> <span class='ocrx_word' id='word_1_370' title='bbox 1070 1111 1155 1139; x_wconf 62' lang='lat' dir='ltr'><strong>“va</strong></span> <span class='ocrx_word' id='word_1_371' title='bbox 1177 1111 1226 1151; x_wconf 70' lang='grc' dir='ltr'><strong>γὰρ</strong></span> <span class='ocrx_word' id='word_1_372' title='bbox 1241 1114 1254 1140; x_wconf 83' lang='grc' dir='ltr'>ὁ</span> <span class='ocrx_word' id='word_1_373' title='bbox 1271 1111 1317 1149; x_wconf 75' lang='grc' dir='ltr'><strong>μὲν</strong></span> <span class='ocrx_word' id='word_1_374' title='bbox 1338 1113 1404 1144; x_wconf 78' lang='grc' dir='ltr'>Θεὸς</span> <span class='ocrx_word' id='word_1_375' title='bbox 1427 1112 1483 1140; x_wconf 71' lang='grc' dir='ltr'>ἀντὶ</span> <span class='ocrx_word' id='word_1_376' title='bbox 1503 1113 1647 1152; x_wconf 72' lang='grc' dir='ltr'>χρημάτων</span> <span class='ocrx_word' id='word_1_377' title='bbox 1672 1113 1765 1152; x_wconf 80' lang='grc' dir='ltr'>ὀλίγων</span> 
     </span>
     <span class='ocr_line' id='line_1_52' title="bbox 997 1156 1764 1197; baseline 0.004 -13"><span class='ocrx_word' id='word_1_378' title='bbox 997 1156 1190 1195; x_wconf 58' lang='grc' dir='ltr'>ἐπαγγέλλῃ-»αι’</span> <span class='ocrx_word' id='word_1_379' title='bbox 1207 1169 1246 1185; x_wconf 85' lang='grc' dir='ltr'>σοι</span> <span class='ocrx_word' id='word_1_380' title='bbox 1265 1157 1297 1186; x_wconf 77' lang='grc' dir='ltr'><strong>τὰ</strong></span> <span class='ocrx_word' id='word_1_381' title='bbox 1318 1159 1342 1186; x_wconf 77' lang='grc' dir='ltr'><strong>ἐν</strong></span> <span class='ocrx_word' id='word_1_382' title='bbox 1359 1162 1411 1190; x_wconf 84' lang='grc' dir='ltr'>τοῖς</span> <span class='ocrx_word' id='word_1_383' title='bbox 1431 1160 1545 1197; x_wconf 80' lang='grc' dir='ltr'>οὐρανοῖς</span> <span class='ocrx_word' id='word_1_384' title='bbox 1563 1159 1662 1197; x_wconf 79' lang='grc' dir='ltr'>ἀγαθὰ,</span> <span class='ocrx_word' id='word_1_385' title='bbox 1685 1159 1715 1187; x_wconf 78' lang='grc' dir='ltr'><strong>σὺ</strong></span> <span class='ocrx_word' id='word_1_386' title='bbox 1738 1158 1764 1187; x_wconf 79' lang='grc' dir='ltr'><strong>δὲ</strong></span> 
     </span>
     <span class='ocr_line' id='line_1_53' title="bbox 997 1201 1766 1244; baseline 0.005 -15"><span class='ocrx_word' id='word_1_387' title='bbox 997 1201 1088 1239; x_wconf 63' lang='grc' dir='ltr'>λέγῃς,</span> <span class='ocrx_word' id='word_1_388' title='bbox 1104 1202 1139 1240; x_wconf 76' lang='grc' dir='ltr'>μὴ</span> <span class='ocrx_word' id='word_1_389' title='bbox 1164 1202 1268 1242; x_wconf 77' lang='grc' dir='ltr'>οὐρανόν</span> <span class='ocrx_word' id='word_1_390' title='bbox 1293 1215 1335 1240; x_wconf 76' lang='grc' dir='ltr'><strong>μοι</strong></span> <span class='ocrx_word' id='word_1_391' title='bbox 1357 1204 1421 1243; x_wconf 79' lang='grc' dir='ltr'>δῷς,</span> <span class='ocrx_word' id='word_1_392' title='bbox 1437 1205 1493 1232; x_wconf 71' lang='grc' dir='ltr'>ἀλλ’</span> <span class='ocrx_word' id='word_1_393' title='bbox 1515 1203 1572 1232; x_wconf 78' lang='grc' dir='ltr'>ἀντὶ</span> <span class='ocrx_word' id='word_1_394' title='bbox 1595 1207 1639 1233; x_wconf 78' lang='grc' dir='ltr'>τοῦ</span> <span class='ocrx_word' id='word_1_395' title='bbox 1660 1206 1766 1244; x_wconf 72' lang='grc' dir='ltr'>οὐρανοῦ</span> 
     </span>
     <span class='ocr_line' id='line_1_54' title="bbox 996 1247 1764 1288; baseline 0.004 -13"><span class='ocrx_word' id='word_1_396' title='bbox 996 1247 1101 1287; x_wconf 74' lang='grc' dir='ltr'>χρυσίον</span> <span class='ocrx_word' id='word_1_397' title='bbox 1113 1248 1142 1276; x_wconf 76' lang='grc' dir='ltr'><strong>τὸ</strong></span> <span class='ocrx_word' id='word_1_398' title='bbox 1154 1248 1330 1286; x_wconf 76' lang='grc' dir='ltr'>ἀπολλύμενον</span> <span class='ocrx_word' id='word_1_399' title='bbox 1339 1260 1344 1266; x_wconf 93' lang='grc'>·</span> <span class='ocrx_word' id='word_1_400' title='bbox 1358 1253 1401 1278; x_wconf 73' lang='grc' dir='ltr'>τοῦ</span> <span class='ocrx_word' id='word_1_401' title='bbox 1407 1261 1431 1277; x_wconf 77' lang='lat'><strong>:0</strong></span> <span class='ocrx_word' id='word_1_402' title='bbox 1441 1249 1594 1287; x_wconf 81' lang='grc' dir='ltr'>βουλομένου</span> <span class='ocrx_word' id='word_1_403' title='bbox 1605 1249 1689 1288; x_wconf 81' lang='grc' dir='ltr'>μένειν</span> <span class='ocrx_word' id='word_1_404' title='bbox 1697 1250 1764 1278; x_wconf 77' lang='grc' dir='ltr'>ἐστὶν</span> 
     </span>
     <span class='ocr_line' id='line_1_55' title="bbox 997 1293 1765 1334; baseline 0.004 -14"><span class='ocrx_word' id='word_1_405' title='bbox 997 1294 1021 1320; x_wconf 79' lang='grc' dir='ltr'><strong>ἐν</strong></span> <span class='ocrx_word' id='word_1_406' title='bbox 1032 1293 1115 1333; x_wconf 78' lang='grc' dir='ltr'>πενίᾳ.</span> <span class='ocrx_word' id='word_1_407' title='bbox 1127 1293 1218 1326; x_wconf 81' lang='grc' dir='ltr'>Οὕτως</span> <span class='ocrx_word' id='word_1_408' title='bbox 1230 1294 1244 1322; x_wconf 73' lang='grc' dir='ltr'><em>ὅ</em></span> <span class='ocrx_word' id='word_1_409' title='bbox 1256 1307 1284 1333; x_wconf 82' lang='grc' dir='ltr'><strong>γε</strong></span> <span class='ocrx_word' id='word_1_410' title='bbox 1301 1296 1432 1332; x_wconf 78' lang='grc' dir='ltr'>ἐπιθυμῶν</span> <span class='ocrx_word' id='word_1_411' title='bbox 1448 1293 1558 1323; x_wconf 79' lang='grc' dir='ltr'>πλούτου</span> <span class='ocrx_word' id='word_1_412' title='bbox 1575 1295 1620 1323; x_wconf 82' lang='grc' dir='ltr'><strong>καὶ</strong></span> <span class='ocrx_word' id='word_1_413' title='bbox 1633 1295 1765 1334; x_wconf 85' lang='grc' dir='ltr'>εὐπορίας,</span> 
     </span>
     <span class='ocr_line' id='line_1_56' title="bbox 996 1338 1764 1380; baseline 0.004 -14"><span class='ocrx_word' id='word_1_414' title='bbox 996 1338 1029 1367; x_wconf 79' lang='grc' dir='ltr'><strong>τὰ</strong></span> <span class='ocrx_word' id='word_1_415' title='bbox 1039 1339 1148 1376; x_wconf 79' lang='grc' dir='ltr'>μένοντα</span> <span class='ocrx_word' id='word_1_416' title='bbox 1159 1340 1209 1379; x_wconf 75' lang='grc' dir='ltr'><strong>πρὸ</strong></span> <span class='ocrx_word' id='word_1_417' title='bbox 1216 1342 1266 1368; x_wconf 78' lang='grc' dir='ltr'><strong>τῶν</strong></span> <span class='ocrx_word' id='word_1_418' title='bbox 1278 1342 1376 1368; x_wconf 77' lang='grc' dir='ltr'>ἀπολλυ</span> <span class='ocrx_word' id='word_1_419' title='bbox 1380 1341 1473 1378; x_wconf 80' lang='grc' dir='ltr'>μένων,</span> <span class='ocrx_word' id='word_1_420' title='bbox 1481 1340 1514 1369; x_wconf 82' lang='grc' dir='ltr'><strong>τὰ</strong></span> <span class='ocrx_word' id='word_1_421' title='bbox 1523 1341 1644 1369; x_wconf 81' lang='grc' dir='ltr'>ἀνάλωτα</span> <span class='ocrx_word' id='word_1_422' title='bbox 1654 1341 1705 1380; x_wconf 78' lang='grc' dir='ltr'><strong>πρὸ</strong></span> <span class='ocrx_word' id='word_1_423' title='bbox 1713 1343 1764 1369; x_wconf 82' lang='grc' dir='ltr'><strong>τῶν</strong></span> 
     </span>
     <span class='ocr_line' id='line_1_57' title="bbox 997 1385 1764 1426; baseline 0.004 -14"><span class='ocrx_word' id='word_1_424' title='bbox 997 1385 1200 1422; x_wconf 78' lang='grc' dir='ltr'>δαπανωμένων,</span> <span class='ocrx_word' id='word_1_425' title='bbox 1216 1385 1249 1414; x_wconf 81' lang='grc' dir='ltr'><strong>τὰ</strong></span> <span class='ocrx_word' id='word_1_426' title='bbox 1260 1386 1344 1414; x_wconf 82' lang='grc' dir='ltr'>πολλὰ</span> <span class='ocrx_word' id='word_1_427' title='bbox 1358 1386 1409 1426; x_wconf 82' lang='grc' dir='ltr'><strong>πρὸ</strong></span> <span class='ocrx_word' id='word_1_428' title='bbox 1418 1389 1469 1414; x_wconf 74' lang='grc' dir='ltr'>τῶν</span> <span class='ocrx_word' id='word_1_429' title='bbox 1480 1386 1582 1425; x_wconf 81' lang='grc' dir='ltr'>ὀλίγων,</span> <span class='ocrx_word' id='word_1_430' title='bbox 1596 1386 1629 1415; x_wconf 81' lang='grc' dir='ltr'><strong>τὰ</strong></span> <span class='ocrx_word' id='word_1_431' title='bbox 1644 1387 1764 1426; x_wconf 74' lang='grc' dir='ltr'>ἀκήρατα</span> 
     </span>
     <span class='ocr_line' id='line_1_58' title="bbox 995 1434 1762 1476; baseline 0.004 -14"><span class='ocrx_word' id='word_1_432' title='bbox 995 1434 1046 1473; x_wconf 77' lang='grc' dir='ltr'><strong>πρὸ</strong></span> <span class='ocrx_word' id='word_1_433' title='bbox 1066 1436 1116 1462; x_wconf 81' lang='grc' dir='ltr'><strong>τῶν</strong></span> <span class='ocrx_word' id='word_1_434' title='bbox 1137 1435 1308 1474; x_wconf 67' lang='grc' dir='ltr'>φθειρομένων</span> <span class='ocrx_word' id='word_1_435' title='bbox 1325 1436 1476 1475; x_wconf 75' lang='grc' dir='ltr'>αἱρήσεται’</span> <span class='ocrx_word' id='word_1_436' title='bbox 1497 1435 1564 1465; x_wconf 77' lang='grc' dir='ltr'>οὕτω</span> <span class='ocrx_word' id='word_1_437' title='bbox 1586 1436 1637 1476; x_wconf 78' lang='grc' dir='ltr'><strong>γὰρ</strong></span> <span class='ocrx_word' id='word_1_438' title='bbox 1656 1439 1762 1465; x_wconf 81' lang='grc' dir='ltr'>κάκεῖνα</span> 
     </span>
    </p>
   </div>
   <div class='ocr_carea' id='block_1_11' title="bbox 995 1484 1762 1526">
    <p class='ocr_par' dir='ltr' id='par_1_11' title="bbox 995 1484 1762 1526">
     <span class='ocr_line' id='line_1_59' title="bbox 995 1484 1762 1526; baseline 0.001 -13"><span class='ocrx_word' id='word_1_439' title='bbox 995 1484 1093 1523; x_wconf 63' lang='grc' dir='ltr'>ἕψεται,</span> <span class='ocrx_word' id='word_1_440' title='bbox 1105 1485 1139 1513; x_wconf 83' lang='lat'><strong>‘0</strong></span> <span class='ocrx_word' id='word_1_441' title='bbox 1164 1485 1210 1523; x_wconf 79' lang='grc' dir='ltr'><strong>μὲν</strong></span> <span class='ocrx_word' id='word_1_442' title='bbox 1227 1485 1278 1525; x_wconf 79' lang='grc' dir='ltr'><strong>γὰρ</strong></span> <span class='ocrx_word' id='word_1_443' title='bbox 1291 1485 1337 1521; x_wconf 67' lang='grc' dir='ltr'>τὴν</span> <span class='ocrx_word' id='word_1_444' title='bbox 1357 1488 1404 1524; x_wconf 73' lang='grc' dir='ltr'><strong>γῆν</strong></span> <span class='ocrx_word' id='word_1_445' title='bbox 1424 1486 1475 1526; x_wconf 82' lang='grc' dir='ltr'><strong>πρὸ</strong></span> <span class='ocrx_word' id='word_1_446' title='bbox 1490 1489 1535 1515; x_wconf 67' lang='grc' dir='ltr'>τοῦ</span> <span class='ocrx_word' id='word_1_447' title='bbox 1550 1488 1655 1526; x_wconf 73' lang='grc' dir='ltr'>οὐρανοῦ</span> <span class='ocrx_word' id='word_1_448' title='bbox 1670 1488 1762 1523; x_wconf 80' lang='grc' dir='ltr'>ζητῶν,</span> 
     </span>
    </p>
   </div>
   <div class='ocr_carea' id='block_1_12' title="bbox 1004 1573 1760 1611">
    <p class='ocr_par' dir='ltr' id='par_1_12' title="bbox 1004 1573 1760 1611">
     <span class='ocr_line' id='line_1_60' title="bbox 1004 1573 1760 1611; baseline 0.009 -13"><span class='ocrx_word' id='word_1_449' title='bbox 1004 1573 1079 1599; x_wconf 68' lang='lat' dir='ltr'><strong>Saxil.</strong></span> <span class='ocrx_word' id='word_1_450' title='bbox 1094 1581 1118 1599; x_wconf 83' lang='lat' dir='ltr'><strong>et</strong></span> <span class='ocrx_word' id='word_1_451' title='bbox 1128 1574 1214 1599; x_wconf 76' lang='lat' dir='ltr'><strong>morel.</strong></span> <span class='ocrx_word' id='word_1_452' title='bbox 1227 1577 1324 1610; x_wconf 54' lang='grc' dir='ltr'>ἑταίρω.</span> <span class='ocrx_word' id='word_1_453' title='bbox 1339 1576 1419 1607; x_wconf 70' lang='lat' dir='ltr'><strong>[Intra</strong></span> <span class='ocrx_word' id='word_1_454' title='bbox 1431 1577 1474 1601; x_wconf 65' lang='lat' dir='ltr'><strong>Sat</strong></span> <span class='ocrx_word' id='word_1_455' title='bbox 1483 1576 1507 1600; x_wconf 85' lang='lat' dir='ltr'><strong>il.</strong></span> <span class='ocrx_word' id='word_1_456' title='bbox 1520 1583 1590 1611; x_wconf 56' lang='grc' dir='ltr'>φκν-ᾗ,</span> <span class='ocrx_word' id='word_1_457' title='bbox 1602 1583 1760 1610; x_wconf 53' lang='grc' dir='ltr'>προσχήματι,</span> 
     </span>
    </p>
   </div>
   <div class='ocr_carea' id='block_1_13' title="bbox 233 1574 955 1612">
    <p class='ocr_par' dir='ltr' id='par_1_13' title="bbox 233 1574 955 1612">
     <span class='ocr_line' id='line_1_61' title="bbox 233 1574 955 1612; baseline -0.006 -10"><span class='ocrx_word' id='word_1_458' title='bbox 233 1579 247 1597; x_wconf 84' lang='lat' dir='ltr'><strong>d</strong></span> <span class='ocrx_word' id='word_1_459' title='bbox 265 1578 332 1602; x_wconf 82' lang='lat' dir='ltr'><strong>Alius</strong></span> <span class='ocrx_word' id='word_1_460' title='bbox 349 1579 603 1612; x_wconf 65' lang='grc' dir='ltr'>καταπραγμκτεύετκι.</span> <span class='ocrx_word' id='word_1_461' title='bbox 624 1575 691 1599; x_wconf 70' lang='lat' dir='ltr'><strong>Iliid.</strong></span> <span class='ocrx_word' id='word_1_462' title='bbox 714 1578 799 1609; x_wconf 64' lang='grc' dir='ltr'>ἑτέρου,</span> <span class='ocrx_word' id='word_1_463' title='bbox 815 1574 856 1599; x_wconf 81' lang='lat' dir='ltr'><strong>Sic</strong></span> <span class='ocrx_word' id='word_1_464' title='bbox 870 1581 955 1598; x_wconf 82' lang='lat' dir='ltr'><strong>omnes</strong></span> 
     </span>
    </p>
   </div>
   <div class='ocr_carea' id='block_1_14' title="bbox 200 1614 1710 1650">
    <p class='ocr_par' dir='ltr' id='par_1_14' title="bbox 200 1614 1710 1650">
     <span class='ocr_line' id='line_1_62' title="bbox 200 1614 1710 1650; baseline 0.001 -9"><span class='ocrx_word' id='word_1_465' title='bbox 200 1625 262 1649; x_wconf 84' lang='lat' dir='ltr'><strong>pene</strong></span> <span class='ocrx_word' id='word_1_466' title='bbox 281 1617 338 1642; x_wconf 78' lang='lat' dir='ltr'><strong>Mss.</strong></span> <span class='ocrx_word' id='word_1_467' title='bbox 354 1623 428 1649; x_wconf 70' lang='lat' dir='ltr'><strong>atque</strong></span> <span class='ocrx_word' id='word_1_468' title='bbox 444 1617 479 1640; x_wconf 76' lang='lat' dir='ltr'><strong>ita</strong></span> <span class='ocrx_word' id='word_1_469' title='bbox 495 1616 553 1648; x_wconf 78' lang='lat' dir='ltr'><strong>legit</strong></span> <span class='ocrx_word' id='word_1_470' title='bbox 563 1615 670 1640; x_wconf 74' lang='lat' dir='ltr'><strong>Aniauus</strong></span> <span class='ocrx_word' id='word_1_471' title='bbox 680 1633 686 1643; x_wconf 87' lang='lat'><strong>,</strong></span> <span class='ocrx_word' id='word_1_472' title='bbox 698 1615 739 1646; x_wconf 83' lang='lat' dir='ltr'><strong>qui</strong></span> <span class='ocrx_word' id='word_1_473' title='bbox 752 1614 827 1638; x_wconf 59' lang='lat' dir='ltr'><strong>sertit</strong></span> <span class='ocrx_word' id='word_1_474' title='bbox 842 1614 953 1637; x_wconf 68' lang='lat' dir='ltr'><strong>aller-ius,</strong></span> <span class='ocrx_word' id='word_1_475' title='bbox 1005 1615 1096 1638; x_wconf 81' lang='lat' dir='ltr'><strong>omisso</strong></span> <span class='ocrx_word' id='word_1_476' title='bbox 1110 1614 1247 1646; x_wconf 57' lang='lat' dir='ltr'><strong>222¹.]1nsra</strong></span> <span class='ocrx_word' id='word_1_477' title='bbox 1259 1615 1345 1640; x_wconf 76' lang='lat' dir='ltr'><strong>Morel.</strong></span> <span class='ocrx_word' id='word_1_478' title='bbox 1358 1620 1382 1639; x_wconf 85' lang='lat' dir='ltr'><strong>et</strong></span> <span class='ocrx_word' id='word_1_479' title='bbox 1398 1614 1439 1639; x_wconf 75' lang='lat' dir='ltr'><strong>alii</strong></span> <span class='ocrx_word' id='word_1_480' title='bbox 1452 1618 1536 1649; x_wconf 59' lang='grc' dir='ltr'>ὀρύττει</span> <span class='ocrx_word' id='word_1_481' title='bbox 1549 1620 1574 1641; x_wconf 83' lang='grc' dir='ltr'><strong>τὸ</strong></span> <span class='ocrx_word' id='word_1_482' title='bbox 1584 1620 1710 1650; x_wconf 65' lang='grc' dir='ltr'>βάραθρον.</span> 
     </span>
    </p>
   </div>
   <div class='ocr_carea' id='block_1_15' title="bbox 753 1718 1214 1748">
    <p class='ocr_par' dir='ltr' id='par_1_15' title="bbox 753 1718 1214 1748">
     <span class='ocr_line' id='line_1_63' title="bbox 753 1718 1214 1748; baseline -0.002 0"><span class='ocrx_word' id='word_1_483' title='bbox 753 1719 877 1748; x_wconf 75' lang='grc' dir='ltr'><strong>ΑΝΙΑΝΙ</strong></span> <span class='ocrx_word' id='word_1_484' title='bbox 898 1718 1214 1747; x_wconf 75' lang='lat' dir='ltr'>INTERPRETATIO.</span> 
     </span>
    </p>
   </div>
   <div class='ocr_carea' id='block_1_16' title="bbox 199 1809 1760 2648">
    <p class='ocr_par' dir='ltr' id='par_1_16' title="bbox 199 1809 1760 2648">
     <span class='ocr_line' id='line_1_64' title="bbox 200 1809 1760 1853; baseline -0.002 -10"><span class='ocrx_word' id='word_1_485' title='bbox 200 1814 326 1843; x_wconf 87' lang='lat' dir='ltr'><strong>continuo</strong></span> <span class='ocrx_word' id='word_1_486' title='bbox 340 1813 457 1853; x_wconf 80' lang='lat' dir='ltr'><strong>peritura</strong></span> <span class='ocrx_word' id='word_1_487' title='bbox 467 1834 474 1848; x_wconf 89' lang='lat'><strong>,</strong></span> <span class='ocrx_word' id='word_1_488' title='bbox 489 1822 520 1840; x_wconf 83' lang='lat' dir='ltr'><strong>ac</strong></span> <span class='ocrx_word' id='word_1_489' title='bbox 542 1810 692 1840; x_wconf 72' lang='lat' dir='ltr'><strong>maximum</strong></span> <span class='ocrx_word' id='word_1_490' title='bbox 707 1810 783 1838; x_wconf 87' lang='lat' dir='ltr'><strong>nobis</strong></span> <span class='ocrx_word' id='word_1_491' title='bbox 798 1809 918 1849; x_wconf 81' lang='lat' dir='ltr'><strong>paritura</strong></span> <span class='ocrx_word' id='word_1_492' title='bbox 943 1809 1124 1848; x_wconf 70' lang='lat' dir='ltr'><strong>supplicium?</strong></span> <span class='ocrx_word' id='word_1_493' title='bbox 1139 1809 1215 1838; x_wconf 86' lang='lat' dir='ltr'><strong>Nihil</strong></span> <span class='ocrx_word' id='word_1_494' title='bbox 1230 1810 1301 1838; x_wconf 88' lang='lat' dir='ltr'><strong>enim</strong></span> <span class='ocrx_word' id='word_1_495' title='bbox 1315 1810 1438 1849; x_wconf 62' lang='lat' dir='ltr'><strong>praesenti</strong></span> <span class='ocrx_word' id='word_1_496' title='bbox 1452 1821 1532 1839; x_wconf 86' lang='lat' dir='ltr'><strong>usura</strong></span> <span class='ocrx_word' id='word_1_497' title='bbox 1546 1811 1665 1850; x_wconf 79' lang='lat' dir='ltr'><strong>turpius,</strong></span> <span class='ocrx_word' id='word_1_498' title='bbox 1680 1811 1760 1840; x_wconf 86' lang='lat' dir='ltr'><strong>nihil-</strong></span> 
     </span>
     <span class='ocr_line' id='line_1_65' title="bbox 200 1856 1760 1900; baseline -0.003 -10"><span class='ocrx_word' id='word_1_499' title='bbox 200 1873 251 1900; x_wconf 85' lang='lat' dir='ltr'><strong>que</strong></span> <span class='ocrx_word' id='word_1_500' title='bbox 275 1861 417 1890; x_wconf 83' lang='lat' dir='ltr'><strong>crudelius.</strong></span> <span class='ocrx_word' id='word_1_501' title='bbox 444 1858 582 1897; x_wconf 81' lang='lat' dir='ltr'><strong>Siquidem</strong></span> <span class='ocrx_word' id='word_1_502' title='bbox 608 1857 762 1896; x_wconf 87' lang='lat' dir='ltr'><strong>hujusmodi</strong></span> <span class='ocrx_word' id='word_1_503' title='bbox 787 1858 926 1884; x_wconf 66' lang='lat' dir='ltr'><strong>[uenerator</strong></span> <span class='ocrx_word' id='word_1_504' title='bbox 951 1857 1101 1895; x_wconf 81' lang='lat' dir='ltr'><strong>negotiatur</strong></span> <span class='ocrx_word' id='word_1_505' title='bbox 1121 1857 1207 1884; x_wconf 86' lang='lat' dir='ltr'><strong>aliena</strong></span> <span class='ocrx_word' id='word_1_506' title='bbox 1235 1856 1390 1885; x_wconf 78' lang='lat' dir='ltr'><strong>discrimina</strong></span> <span class='ocrx_word' id='word_1_507' title='bbox 1401 1880 1408 1893; x_wconf 88' lang='lat'><strong>,</strong></span> <span class='ocrx_word' id='word_1_508' title='bbox 1433 1865 1457 1886; x_wconf 90' lang='lat' dir='ltr'><strong>et</strong></span> <span class='ocrx_word' id='word_1_509' title='bbox 1477 1858 1628 1895; x_wconf 82' lang='lat' dir='ltr'><strong>uberiores,</strong></span> <span class='ocrx_word' id='word_1_510' title='bbox 1654 1865 1684 1886; x_wconf 91' lang='lat' dir='ltr'><strong>ut</strong></span> <span class='ocrx_word' id='word_1_511' title='bbox 1710 1870 1760 1898; x_wconf 85' lang='lat' dir='ltr'><strong>pn-</strong></span> 
     </span>
     <span class='ocr_line' id='line_1_66' title="bbox 201 1903 1760 1947; baseline -0.003 -10"><span class='ocrx_word' id='word_1_512' title='bbox 201 1916 254 1945; x_wconf 79' lang='lat' dir='ltr'><strong>tat,</strong></span> <span class='ocrx_word' id='word_1_513' title='bbox 281 1915 397 1947; x_wconf 59' lang='lat' dir='ltr'><strong>qua—stus</strong></span> <span class='ocrx_word' id='word_1_514' title='bbox 419 1907 453 1935; x_wconf 87' lang='lat' dir='ltr'><strong>de</strong></span> <span class='ocrx_word' id='word_1_515' title='bbox 477 1906 587 1934; x_wconf 87' lang='lat' dir='ltr'><strong>alterius</strong></span> <span class='ocrx_word' id='word_1_516' title='bbox 610 1904 765 1933; x_wconf 72' lang='lat' dir='ltr'><strong>infelicitate</strong></span> <span class='ocrx_word' id='word_1_517' title='bbox 789 1904 979 1942; x_wconf 73' lang='lat' dir='ltr'><strong>consequitur,</strong></span> <span class='ocrx_word' id='word_1_518' title='bbox 1007 1911 1087 1941; x_wconf 80' lang='lat' dir='ltr'><strong>atque</strong></span> <span class='ocrx_word' id='word_1_519' title='bbox 1109 1903 1217 1943; x_wconf 81' lang='lat' dir='ltr'><strong>insuper</strong></span> <span class='ocrx_word' id='word_1_520' title='bbox 1237 1904 1312 1942; x_wconf 83' lang='lat' dir='ltr'><strong>quasi</strong></span> <span class='ocrx_word' id='word_1_521' title='bbox 1336 1904 1440 1943; x_wconf 77' lang='lat' dir='ltr'><strong>pietatis</strong></span> <span class='ocrx_word' id='word_1_522' title='bbox 1463 1904 1609 1933; x_wconf 78' lang='lat' dir='ltr'><strong>mercedem</strong></span> <span class='ocrx_word' id='word_1_523' title='bbox 1632 1905 1760 1944; x_wconf 86' lang='lat' dir='ltr'><strong>reposcit,</strong></span> 
     </span>
     <span class='ocr_line' id='line_1_67' title="bbox 200 1951 1760 1991; baseline -0.003 -7"><span class='ocrx_word' id='word_1_524' title='bbox 200 1956 274 1985; x_wconf 83' lang='lat' dir='ltr'><strong>velut</strong></span> <span class='ocrx_word' id='word_1_525' title='bbox 296 1962 415 1983; x_wconf 85' lang='lat' dir='ltr'><strong>metuens</strong></span> <span class='ocrx_word' id='word_1_526' title='bbox 437 1965 468 1982; x_wconf 89' lang='lat' dir='ltr'><strong>ne.</strong></span> <span class='ocrx_word' id='word_1_527' title='bbox 483 1952 670 1981; x_wconf 86' lang='lat' dir='ltr'><strong>immisericors</strong></span> <span class='ocrx_word' id='word_1_528' title='bbox 693 1952 760 1979; x_wconf 88' lang='lat' dir='ltr'><strong>sorte</strong></span> <span class='ocrx_word' id='word_1_529' title='bbox 784 1951 925 1980; x_wconf 72' lang='lat' dir='ltr'><strong>videatur:</strong></span> <span class='ocrx_word' id='word_1_530' title='bbox 942 1961 1002 1978; x_wconf 91' lang='lat' dir='ltr'><strong>eum</strong></span> <span class='ocrx_word' id='word_1_531' title='bbox 1028 1951 1144 1990; x_wconf 82' lang='lat' dir='ltr'><strong>profecto</strong></span> <span class='ocrx_word' id='word_1_532' title='bbox 1160 1957 1291 1990; x_wconf 58' lang='lat' dir='ltr'><strong>praetextu</strong></span> <span class='ocrx_word' id='word_1_533' title='bbox 1313 1951 1467 1988; x_wconf 83' lang='lat' dir='ltr'><strong>miserendi,</strong></span> <span class='ocrx_word' id='word_1_534' title='bbox 1482 1958 1563 1990; x_wconf 83' lang='lat' dir='ltr'><strong>atque</strong></span> <span class='ocrx_word' id='word_1_535' title='bbox 1586 1963 1662 1991; x_wconf 83' lang='lat' dir='ltr'><strong>opem</strong></span> <span class='ocrx_word' id='word_1_536' title='bbox 1676 1953 1760 1981; x_wconf 84' lang='lat' dir='ltr'><strong>seren-</strong></span> 
     </span>
     <span class='ocr_line' id='line_1_68' title="bbox 199 1997 1760 2040; baseline -0.003 -9"><span class='ocrx_word' id='word_1_537' title='bbox 199 2001 241 2039; x_wconf 88' lang='lat' dir='ltr'><strong>di,</strong></span> <span class='ocrx_word' id='word_1_538' title='bbox 259 2002 386 2040; x_wconf 82' lang='lat' dir='ltr'><strong>majorem</strong></span> <span class='ocrx_word' id='word_1_539' title='bbox 402 2001 498 2029; x_wconf 84' lang='lat' dir='ltr'><strong>misero</strong></span> <span class='ocrx_word' id='word_1_540' title='bbox 520 2000 625 2028; x_wconf 81' lang='lat' dir='ltr'><strong>foveam</strong></span> <span class='ocrx_word' id='word_1_541' title='bbox 640 1997 807 2026; x_wconf 82' lang='lat' dir='ltr'><strong>crudelitatis</strong></span> <span class='ocrx_word' id='word_1_542' title='bbox 831 1997 963 2029; x_wconf 76' lang='lat' dir='ltr'><strong>effoderit⁷</strong></span> <span class='ocrx_word' id='word_1_543' title='bbox 976 1997 1062 2036; x_wconf 88' lang='lat' dir='ltr'><strong>specie</strong></span> <span class='ocrx_word' id='word_1_544' title='bbox 1080 1997 1195 2036; x_wconf 72' lang='lat' dir='ltr'><strong>juvandi</strong></span> <span class='ocrx_word' id='word_1_545' title='bbox 1218 2004 1332 2025; x_wconf 86' lang='lat' dir='ltr'><strong>atterens</strong></span> <span class='ocrx_word' id='word_1_546' title='bbox 1356 1997 1473 2036; x_wconf 79' lang='lat' dir='ltr'><strong>inopem,</strong></span> <span class='ocrx_word' id='word_1_547' title='bbox 1490 2008 1520 2026; x_wconf 82' lang='lat' dir='ltr'><strong>ac</strong></span> <span class='ocrx_word' id='word_1_548' title='bbox 1542 2009 1649 2026; x_wconf 84' lang='lat' dir='ltr'><strong>manum</strong></span> <span class='ocrx_word' id='word_1_549' title='bbox 1674 1999 1760 2038; x_wconf 86' lang='lat' dir='ltr'><strong>porri-</strong></span> 
     </span>
     <span class='ocr_line' id='line_1_69' title="bbox 201 2043 1760 2086; baseline -0.001 -10"><span class='ocrx_word' id='word_1_550' title='bbox 201 2048 287 2086; x_wconf 85' lang='lat' dir='ltr'><strong>gendo</strong></span> <span class='ocrx_word' id='word_1_551' title='bbox 311 2047 447 2086; x_wconf 80' lang='lat' dir='ltr'><strong>dejiciens,</strong></span> <span class='ocrx_word' id='word_1_552' title='bbox 462 2053 486 2074; x_wconf 90' lang='lat' dir='ltr'><strong>et</strong></span> <span class='ocrx_word' id='word_1_553' title='bbox 506 2046 581 2084; x_wconf 80' lang='lat' dir='ltr'><strong>quasi</strong></span> <span class='ocrx_word' id='word_1_554' title='bbox 606 2045 631 2072; x_wconf 91' lang='lat' dir='ltr'><strong>in</strong></span> <span class='ocrx_word' id='word_1_555' title='bbox 654 2052 761 2084; x_wconf 87' lang='lat' dir='ltr'><strong>portum</strong></span> <span class='ocrx_word' id='word_1_556' title='bbox 783 2054 816 2071; x_wconf 77' lang='lat' dir='ltr'><strong>ex</strong></span> <span class='ocrx_word' id='word_1_557' title='bbox 839 2050 993 2082; x_wconf 77' lang='lat' dir='ltr'><strong>tempestate</strong></span> <span class='ocrx_word' id='word_1_558' title='bbox 1007 2043 1218 2082; x_wconf 85' lang='lat' dir='ltr'><strong>suseipiens,sed</strong></span> <span class='ocrx_word' id='word_1_559' title='bbox 1241 2043 1388 2082; x_wconf 72' lang='lat' dir='ltr'><strong>improviso</strong></span> <span class='ocrx_word' id='word_1_560' title='bbox 1404 2044 1511 2072; x_wconf 84' lang='lat' dir='ltr'><strong>turbine</strong></span> <span class='ocrx_word' id='word_1_561' title='bbox 1526 2044 1552 2072; x_wconf 89' lang='lat' dir='ltr'><strong>in</strong></span> <span class='ocrx_word' id='word_1_562' title='bbox 1567 2045 1652 2073; x_wconf 89' lang='lat' dir='ltr'><strong>multo</strong></span> <span class='ocrx_word' id='word_1_563' title='bbox 1675 2047 1760 2084; x_wconf 84' lang='lat' dir='ltr'><strong>magis</strong></span> 
     </span>
     <span class='ocr_line' id='line_1_70' title="bbox 201 2090 1760 2132; baseline -0.001 -9"><span class='ocrx_word' id='word_1_564' title='bbox 201 2094 309 2123; x_wconf 85' lang='lat' dir='ltr'><strong>crudele</strong></span> <span class='ocrx_word' id='word_1_565' title='bbox 323 2094 508 2131; x_wconf 76' lang='lat' dir='ltr'><strong>naufragium,</strong></span> <span class='ocrx_word' id='word_1_566' title='bbox 519 2092 592 2121; x_wconf 86' lang='lat' dir='ltr'><strong>velut</strong></span> <span class='ocrx_word' id='word_1_567' title='bbox 607 2092 675 2120; x_wconf 89' lang='lat' dir='ltr'><strong>inter</strong></span> <span class='ocrx_word' id='word_1_568' title='bbox 690 2091 813 2130; x_wconf 83' lang='lat' dir='ltr'><strong>scopulos</strong></span> <span class='ocrx_word' id='word_1_569' title='bbox 827 2101 857 2119; x_wconf 80' lang='lat' dir='ltr'><strong>ac</strong></span> <span class='ocrx_word' id='word_1_570' title='bbox 870 2091 979 2118; x_wconf 78' lang='lat' dir='ltr'><strong>latentia</strong></span> <span class='ocrx_word' id='word_1_571' title='bbox 994 2101 1057 2119; x_wconf 76' lang='lat' dir='ltr'><strong>saxa</strong></span> <span class='ocrx_word' id='word_1_572' title='bbox 1072 2091 1235 2128; x_wconf 78' lang='lat' dir='ltr'><strong>demergens.</strong></span> <span class='ocrx_word' id='word_1_573' title='bbox 1251 2090 1326 2125; x_wconf 85' lang='lat' dir='ltr'><strong>Quid</strong></span> <span class='ocrx_word' id='word_1_574' title='bbox 1340 2091 1432 2129; x_wconf 81' lang='lat' dir='ltr'><strong>igitur,</strong></span> <span class='ocrx_word' id='word_1_575' title='bbox 1448 2091 1547 2129; x_wconf 87' lang='lat' dir='ltr'><strong>inquis,</strong></span> <span class='ocrx_word' id='word_1_576' title='bbox 1559 2092 1603 2120; x_wconf 80' lang='lat' dir='ltr'><strong>hie</strong></span> <span class='ocrx_word' id='word_1_577' title='bbox 1615 2093 1760 2132; x_wconf 54' lang='lat' dir='ltr'><strong>praecipis?</strong></span> 
     </span>
     <span class='ocr_line' id='line_1_71' title="bbox 202 2137 1760 2180; baseline -0.001 -10"><span class='ocrx_word' id='word_1_578' title='bbox 202 2148 232 2169; x_wconf 86' lang='lat' dir='ltr'><strong>ut</strong></span> <span class='ocrx_word' id='word_1_579' title='bbox 246 2141 347 2170; x_wconf 87' lang='lat' dir='ltr'><strong>scilieet</strong></span> <span class='ocrx_word' id='word_1_580' title='bbox 362 2141 502 2180; x_wconf 83' lang='lat' dir='ltr'><strong>pecuniam</strong></span> <span class='ocrx_word' id='word_1_581' title='bbox 517 2145 718 2177; x_wconf 77' lang='lat' dir='ltr'><strong>congregatam,</strong></span> <span class='ocrx_word' id='word_1_582' title='bbox 734 2138 855 2176; x_wconf 84' lang='lat' dir='ltr'><strong>mihique</strong></span> <span class='ocrx_word' id='word_1_583' title='bbox 870 2138 963 2166; x_wconf 86' lang='lat' dir='ltr'><strong>utilem</strong></span> <span class='ocrx_word' id='word_1_584' title='bbox 975 2138 1002 2166; x_wconf 92' lang='lat' dir='ltr'><strong>in</strong></span> <span class='ocrx_word' id='word_1_585' title='bbox 1021 2149 1084 2166; x_wconf 86' lang='lat' dir='ltr'><strong>usus</strong></span> <span class='ocrx_word' id='word_1_586' title='bbox 1099 2138 1207 2166; x_wconf 85' lang='lat' dir='ltr'><strong>alterius</strong></span> <span class='ocrx_word' id='word_1_587' title='bbox 1222 2137 1387 2166; x_wconf 87' lang='lat' dir='ltr'><strong>commodem</strong></span> <span class='ocrx_word' id='word_1_588' title='bbox 1397 2161 1404 2173; x_wconf 87' lang='lat'>‚</span> <span class='ocrx_word' id='word_1_589' title='bbox 1416 2149 1462 2167; x_wconf 90' lang='lat' dir='ltr'><strong>nec</strong></span> <span class='ocrx_word' id='word_1_590' title='bbox 1477 2139 1561 2166; x_wconf 81' lang='lat' dir='ltr'><strong>ullam</strong></span> <span class='ocrx_word' id='word_1_591' title='bbox 1574 2139 1636 2167; x_wconf 89' lang='lat' dir='ltr'><strong>inde</strong></span> <span class='ocrx_word' id='word_1_592' title='bbox 1650 2151 1760 2179; x_wconf 85' lang='lat' dir='ltr'><strong>prorsus</strong></span> 
     </span>
     <span class='ocr_line' id='line_1_72' title="bbox 202 2185 1758 2228; baseline -0.002 -10"><span class='ocrx_word' id='word_1_593' title='bbox 202 2189 350 2218; x_wconf 88' lang='lat' dir='ltr'><strong>mercedem</strong></span> <span class='ocrx_word' id='word_1_594' title='bbox 374 2187 531 2228; x_wconf 69' lang='lat' dir='ltr'><strong>reposcam?</strong></span> <span class='ocrx_word' id='word_1_595' title='bbox 551 2187 636 2215; x_wconf 74' lang='lat' dir='ltr'><strong>Absit.</strong></span> <span class='ocrx_word' id='word_1_596' title='bbox 653 2187 712 2214; x_wconf 84' lang='lat' dir='ltr'><strong>Nou</strong></span> <span class='ocrx_word' id='word_1_597' title='bbox 727 2196 774 2224; x_wconf 84' lang='lat' dir='ltr'><strong>ego</strong></span> <span class='ocrx_word' id='word_1_598' title='bbox 789 2185 861 2213; x_wconf 84' lang='lat' dir='ltr'><strong>istud</strong></span> <span class='ocrx_word' id='word_1_599' title='bbox 875 2185 936 2213; x_wconf 83' lang='lat' dir='ltr'><strong>dico</strong></span> <span class='ocrx_word' id='word_1_600' title='bbox 946 2208 953 2219; x_wconf 76' lang='lat'><strong>,</strong></span> <span class='ocrx_word' id='word_1_601' title='bbox 969 2185 1014 2214; x_wconf 81' lang='lat' dir='ltr'><strong>scd</strong></span> <span class='ocrx_word' id='word_1_602' title='bbox 1029 2185 1092 2213; x_wconf 83' lang='lat' dir='ltr'><strong>satis</strong></span> <span class='ocrx_word' id='word_1_603' title='bbox 1105 2185 1183 2224; x_wconf 85' lang='lat' dir='ltr'><strong>cupio</strong></span> <span class='ocrx_word' id='word_1_604' title='bbox 1203 2185 1282 2212; x_wconf 76' lang='lat' dir='ltr'><strong>etiam</strong></span> <span class='ocrx_word' id='word_1_605' title='bbox 1299 2191 1324 2212; x_wconf 90' lang='lat' dir='ltr'><strong>te</strong></span> <span class='ocrx_word' id='word_1_606' title='bbox 1335 2196 1383 2224; x_wconf 85' lang='lat' dir='ltr'><strong>pro</strong></span> <span class='ocrx_word' id='word_1_607' title='bbox 1399 2185 1444 2213; x_wconf 86' lang='lat' dir='ltr'><strong>illa</strong></span> <span class='ocrx_word' id='word_1_608' title='bbox 1459 2185 1577 2224; x_wconf 85' lang='lat' dir='ltr'><strong>accipere</strong></span> <span class='ocrx_word' id='word_1_609' title='bbox 1592 2187 1738 2215; x_wconf 80' lang='lat' dir='ltr'><strong>mercedem</strong></span> <span class='ocrx_word' id='word_1_610' title='bbox 1752 2199 1758 2216; x_wconf 77' lang='lat' dir='ltr'><em>z</em></span> 
     </span>
     <span class='ocr_line' id='line_1_73' title="bbox 202 2231 1760 2272; baseline -0.001 -8"><span class='ocrx_word' id='word_1_611' title='bbox 202 2246 255 2264; x_wconf 86' lang='lat' dir='ltr'><strong>non</strong></span> <span class='ocrx_word' id='word_1_612' title='bbox 270 2236 339 2264; x_wconf 84' lang='lat' dir='ltr'><strong>hanc</strong></span> <span class='ocrx_word' id='word_1_613' title='bbox 353 2246 414 2263; x_wconf 84' lang='lat' dir='ltr'><strong>sane</strong></span> <span class='ocrx_word' id='word_1_614' title='bbox 429 2234 511 2263; x_wconf 77' lang='lat' dir='ltr'><strong>vilem</strong></span> <span class='ocrx_word' id='word_1_615' title='bbox 531 2239 556 2262; x_wconf 82' lang='lat' dir='ltr'><strong>et</strong></span> <span class='ocrx_word' id='word_1_616' title='bbox 580 2243 688 2272; x_wconf 81' lang='lat' dir='ltr'><strong>prorsus</strong></span> <span class='ocrx_word' id='word_1_617' title='bbox 702 2232 841 2271; x_wconf 76' lang='lat' dir='ltr'><strong>exiguam,</strong></span> <span class='ocrx_word' id='word_1_618' title='bbox 861 2231 908 2260; x_wconf 87' lang='lat' dir='ltr'><strong>sed</strong></span> <span class='ocrx_word' id='word_1_619' title='bbox 922 2232 999 2270; x_wconf 75' lang='lat' dir='ltr'><strong>longe</strong></span> <span class='ocrx_word' id='word_1_620' title='bbox 1019 2231 1111 2269; x_wconf 79' lang='lat' dir='ltr'><strong>utique</strong></span> <span class='ocrx_word' id='word_1_621' title='bbox 1126 2232 1261 2270; x_wconf 85' lang='lat' dir='ltr'><strong>majorem.</strong></span> <span class='ocrx_word' id='word_1_622' title='bbox 1278 2232 1395 2260; x_wconf 74' lang='lat' dir='ltr'><strong>Usuram</strong></span> <span class='ocrx_word' id='word_1_623' title='bbox 1407 2232 1479 2260; x_wconf 87' lang='lat' dir='ltr'><strong>enim</strong></span> <span class='ocrx_word' id='word_1_624' title='bbox 1493 2239 1582 2269; x_wconf 76' lang='lat' dir='ltr'><strong>tuam,</strong></span> <span class='ocrx_word' id='word_1_625' title='bbox 1598 2244 1649 2262; x_wconf 92' lang='lat' dir='ltr'><strong>non</strong></span> <span class='ocrx_word' id='word_1_626' title='bbox 1663 2244 1760 2263; x_wconf 84' lang='lat' dir='ltr'><strong>aurum</strong></span> 
     </span>
     <span class='ocr_line' id='line_1_74' title="bbox 203 2279 1760 2320; baseline -0.001 -8"><span class='ocrx_word' id='word_1_627' title='bbox 203 2283 265 2312; x_wconf 86' lang='lat' dir='ltr'><strong>volo</strong></span> <span class='ocrx_word' id='word_1_628' title='bbox 276 2293 346 2319; x_wconf 84' lang='lat' dir='ltr'><strong>esse,</strong></span> <span class='ocrx_word' id='word_1_629' title='bbox 361 2282 407 2311; x_wconf 86' lang='lat' dir='ltr'><strong>sed</strong></span> <span class='ocrx_word' id='word_1_630' title='bbox 418 2282 520 2310; x_wconf 66' lang='lat' dir='ltr'><strong>crolum.</strong></span> <span class='ocrx_word' id='word_1_631' title='bbox 538 2281 593 2309; x_wconf 88' lang='lat' dir='ltr'><strong>Cur</strong></span> <span class='ocrx_word' id='word_1_632' title='bbox 606 2290 669 2318; x_wconf 81' lang='lat' dir='ltr'><strong>ergo</strong></span> <span class='ocrx_word' id='word_1_633' title='bbox 683 2280 711 2308; x_wconf 90' lang='lat' dir='ltr'><strong>in</strong></span> <span class='ocrx_word' id='word_1_634' title='bbox 725 2286 880 2318; x_wconf 82' lang='lat' dir='ltr'><strong>paupertate</strong></span> <span class='ocrx_word' id='word_1_635' title='bbox 896 2280 1010 2318; x_wconf 79' lang='lat' dir='ltr'><strong>teipsum</strong></span> <span class='ocrx_word' id='word_1_636' title='bbox 1026 2279 1183 2307; x_wconf 69' lang='lat' dir='ltr'><strong>concludis?</strong></span> <span class='ocrx_word' id='word_1_637' title='bbox 1198 2279 1253 2307; x_wconf 91' lang='lat' dir='ltr'><strong>Cur</strong></span> <span class='ocrx_word' id='word_1_638' title='bbox 1268 2285 1342 2306; x_wconf 70' lang='lat' dir='ltr'><strong>terrze</strong></span> <span class='ocrx_word' id='word_1_639' title='bbox 1362 2286 1432 2307; x_wconf 90' lang='lat' dir='ltr'><strong>totus</strong></span> <span class='ocrx_word' id='word_1_640' title='bbox 1447 2280 1578 2319; x_wconf 79' lang='lat' dir='ltr'><strong>affigeris,</strong></span> <span class='ocrx_word' id='word_1_641' title='bbox 1594 2281 1760 2320; x_wconf 86' lang='lat' dir='ltr'><strong>nimiumque</strong></span> 
     </span>
     <span class='ocr_line' id='line_1_75' title="bbox 203 2325 1758 2366; baseline -0.001 -8"><span class='ocrx_word' id='word_1_642' title='bbox 203 2330 231 2358; x_wconf 91' lang='lat' dir='ltr'><strong>in</strong></span> <span class='ocrx_word' id='word_1_643' title='bbox 246 2340 275 2358; x_wconf 85' lang='lat' dir='ltr'><strong>ea</strong></span> <span class='ocrx_word' id='word_1_644' title='bbox 291 2329 396 2357; x_wconf 78' lang='lat' dir='ltr'><strong>sordide</strong></span> <span class='ocrx_word' id='word_1_645' title='bbox 415 2327 560 2363; x_wconf 77' lang='lat' dir='ltr'><strong>volutaris,</strong></span> <span class='ocrx_word' id='word_1_646' title='bbox 575 2334 599 2355; x_wconf 90' lang='lat' dir='ltr'><strong>et</strong></span> <span class='ocrx_word' id='word_1_647' title='bbox 610 2327 704 2366; x_wconf 83' lang='lat' dir='ltr'><strong>repetis</strong></span> <span class='ocrx_word' id='word_1_648' title='bbox 717 2326 815 2364; x_wconf 77' lang='lat' dir='ltr'><strong>exigua</strong></span> <span class='ocrx_word' id='word_1_649' title='bbox 827 2336 875 2364; x_wconf 82' lang='lat' dir='ltr'><strong>pro</strong></span> <span class='ocrx_word' id='word_1_650' title='bbox 890 2326 1015 2364; x_wconf 69' lang='lat' dir='ltr'><strong>magnis?</strong></span> <span class='ocrx_word' id='word_1_651' title='bbox 1028 2326 1085 2354; x_wconf 89' lang='lat' dir='ltr'><strong>Hoc</strong></span> <span class='ocrx_word' id='word_1_652' title='bbox 1100 2325 1171 2353; x_wconf 86' lang='lat' dir='ltr'><strong>enim</strong></span> <span class='ocrx_word' id='word_1_653' title='bbox 1185 2325 1295 2353; x_wconf 86' lang='lat' dir='ltr'><strong>illorum</strong></span> <span class='ocrx_word' id='word_1_654' title='bbox 1310 2332 1347 2353; x_wconf 85' lang='lat' dir='ltr'><strong>cst</strong></span> <span class='ocrx_word' id='word_1_655' title='bbox 1358 2326 1403 2363; x_wconf 83' lang='lat' dir='ltr'><strong>qui</strong></span> <span class='ocrx_word' id='word_1_656' title='bbox 1414 2325 1494 2354; x_wconf 83' lang='lat' dir='ltr'><strong>ditari</strong></span> <span class='ocrx_word' id='word_1_657' title='bbox 1508 2337 1616 2365; x_wconf 84' lang='lat' dir='ltr'><strong>prorsus</strong></span> <span class='ocrx_word' id='word_1_658' title='bbox 1627 2328 1758 2366; x_wconf 81' lang='lat' dir='ltr'><strong>ignorant.</strong></span> 
     </span>
     <span class='ocr_line' id='line_1_76' title="bbox 205 2371 1759 2413; baseline -0.001 -9"><span class='ocrx_word' id='word_1_659' title='bbox 205 2377 273 2404; x_wconf 86' lang='lat' dir='ltr'><strong>Cum</strong></span> <span class='ocrx_word' id='word_1_660' title='bbox 290 2376 359 2404; x_wconf 86' lang='lat' dir='ltr'><strong>enim</strong></span> <span class='ocrx_word' id='word_1_661' title='bbox 383 2376 456 2404; x_wconf 91' lang='lat' dir='ltr'><strong>Deus</strong></span> <span class='ocrx_word' id='word_1_662' title='bbox 480 2385 528 2413; x_wconf 91' lang='lat' dir='ltr'><strong>pro</strong></span> <span class='ocrx_word' id='word_1_663' title='bbox 549 2373 663 2413; x_wconf 80' lang='lat' dir='ltr'><strong>parvula</strong></span> <span class='ocrx_word' id='word_1_664' title='bbox 677 2372 793 2411; x_wconf 81' lang='lat' dir='ltr'><strong>quadam</strong></span> <span class='ocrx_word' id='word_1_665' title='bbox 808 2373 934 2411; x_wconf 83' lang='lat' dir='ltr'><strong>pecunia,</strong></span> <span class='ocrx_word' id='word_1_666' title='bbox 949 2372 1018 2400; x_wconf 86' lang='lat' dir='ltr'><strong>bena</strong></span> <span class='ocrx_word' id='word_1_667' title='bbox 1032 2371 1082 2399; x_wconf 87' lang='lat' dir='ltr'><strong>tibi</strong></span> <span class='ocrx_word' id='word_1_668' title='bbox 1097 2371 1208 2399; x_wconf 66' lang='lat' dir='ltr'><strong>caelestia</strong></span> <span class='ocrx_word' id='word_1_669' title='bbox 1225 2379 1249 2399; x_wconf 86' lang='lat' dir='ltr'><strong>et</strong></span> <span class='ocrx_word' id='word_1_670' title='bbox 1265 2379 1360 2400; x_wconf 71' lang='lat' dir='ltr'><strong>zetcrna</strong></span> <span class='ocrx_word' id='word_1_671' title='bbox 1375 2373 1513 2411; x_wconf 84' lang='lat' dir='ltr'><strong>promittat</strong></span> <span class='ocrx_word' id='word_1_672' title='bbox 1526 2385 1531 2400; x_wconf 96' lang='lat'><strong>:</strong></span> <span class='ocrx_word' id='word_1_673' title='bbox 1544 2380 1571 2401; x_wconf 93' lang='lat' dir='ltr'><strong>tu</strong></span> <span class='ocrx_word' id='word_1_674' title='bbox 1588 2384 1649 2402; x_wconf 73' lang='lat' dir='ltr'><strong>vero</strong></span> <span class='ocrx_word' id='word_1_675' title='bbox 1670 2375 1759 2412; x_wconf 81' lang='lat' dir='ltr'><strong>dicas,</strong></span> 
     </span>
     <span class='ocr_line' id='line_1_77' title="bbox 205 2412 1760 2460; baseline -0.001 -9"><span class='ocrx_word' id='word_1_676' title='bbox 205 2423 307 2451; x_wconf 80' lang='lat' dir='ltr'><strong>Caelum</strong></span> <span class='ocrx_word' id='word_1_677' title='bbox 320 2422 386 2450; x_wconf 87' lang='lat' dir='ltr'><strong>mihi</strong></span> <span class='ocrx_word' id='word_1_678' title='bbox 401 2433 451 2450; x_wconf 86' lang='lat' dir='ltr'><strong>non</strong></span> <span class='ocrx_word' id='word_1_679' title='bbox 465 2421 518 2457; x_wconf 88' lang='lat' dir='ltr'><strong>det,</strong></span> <span class='ocrx_word' id='word_1_680' title='bbox 529 2420 574 2449; x_wconf 88' lang='lat' dir='ltr'><strong>sed</strong></span> <span class='ocrx_word' id='word_1_681' title='bbox 584 2430 632 2460; x_wconf 89' lang='lat' dir='ltr'><strong>pro</strong></span> <span class='ocrx_word' id='word_1_682' title='bbox 645 2419 707 2448; x_wconf 80' lang='lat' dir='ltr'><strong>caelo</strong></span> <span class='ocrx_word' id='word_1_683' title='bbox 718 2419 847 2458; x_wconf 77' lang='lat' dir='ltr'><strong>largiatur</strong></span> <span class='ocrx_word' id='word_1_684' title='bbox 858 2430 963 2456; x_wconf 83' lang='lat' dir='ltr'><strong>aurum,</strong></span> <span class='ocrx_word' id='word_1_685' title='bbox 976 2418 1047 2457; x_wconf 87' lang='lat' dir='ltr'><strong>quod</strong></span> <span class='ocrx_word' id='word_1_686' title='bbox 1057 2419 1172 2457; x_wconf 82' lang='lat' dir='ltr'><strong>profecto</strong></span> <span class='ocrx_word' id='word_1_687' title='bbox 1184 2419 1330 2457; x_wconf 85' lang='lat' dir='ltr'><strong>periturum</strong></span> <span class='ocrx_word' id='word_1_688' title='bbox 1343 2426 1381 2447; x_wconf 84' lang='lat' dir='ltr'><strong>est</strong></span> <span class='ocrx_word' id='word_1_689' title='bbox 1391 2431 1395 2446; x_wconf 95' lang='lat'><strong>:</strong></span> <span class='ocrx_word' id='word_1_690' title='bbox 1405 2419 1456 2448; x_wconf 89' lang='lat' dir='ltr'><strong>hoc</strong></span> <span class='ocrx_word' id='word_1_691' title='bbox 1465 2426 1503 2447; x_wconf 88' lang='lat' dir='ltr'><strong>est</strong></span> <span class='ocrx_word' id='word_1_692' title='bbox 1513 2419 1581 2449; x_wconf 77' lang='lat' dir='ltr'><strong>velle</strong></span> <span class='ocrx_word' id='word_1_693' title='bbox 1592 2420 1619 2449; x_wconf 88' lang='lat' dir='ltr'><strong>in</strong></span> <span class='ocrx_word' id='word_1_694' title='bbox 1634 2412 1760 2460; x_wconf 73' lang='lat' dir='ltr'><strong>pauperie</strong></span> 
     </span>
     <span class='ocr_line' id='line_1_78' title="bbox 205 2466 1759 2507; baseline -0.001 -9"><span class='ocrx_word' id='word_1_695' title='bbox 205 2481 347 2498; x_wconf 83' lang='lat' dir='ltr'><strong>remanere.</strong></span> <span class='ocrx_word' id='word_1_696' title='bbox 372 2469 416 2497; x_wconf 50' lang='lat' dir='ltr'><strong>lui</strong></span> <span class='ocrx_word' id='word_1_697' title='bbox 432 2475 520 2496; x_wconf 81' lang='lat' dir='ltr'><strong>autem</strong></span> <span class='ocrx_word' id='word_1_698' title='bbox 538 2478 614 2497; x_wconf 80' lang='lat' dir='ltr'><strong>veras</strong></span> <span class='ocrx_word' id='word_1_699' title='bbox 626 2478 687 2506; x_wconf 87' lang='lat' dir='ltr'><strong>opes</strong></span> <span class='ocrx_word' id='word_1_700' title='bbox 699 2478 730 2494; x_wconf 75' lang='lat' dir='ltr'><strong>ac</strong></span> <span class='ocrx_word' id='word_1_701' title='bbox 743 2466 854 2496; x_wconf 80' lang='lat' dir='ltr'><strong>divitias</strong></span> <span class='ocrx_word' id='word_1_702' title='bbox 871 2466 1077 2505; x_wconf 84' lang='lat' dir='ltr'><strong>concupiscunt,</strong></span> <span class='ocrx_word' id='word_1_703' title='bbox 1098 2476 1127 2493; x_wconf 84' lang='lat' dir='ltr'><strong>ca</strong></span> <span class='ocrx_word' id='word_1_704' title='bbox 1139 2477 1197 2503; x_wconf 61' lang='lat' dir='ltr'><strong>quwr</strong></span> <span class='ocrx_word' id='word_1_705' title='bbox 1210 2476 1334 2494; x_wconf 83' lang='lat' dir='ltr'><strong>mansura</strong></span> <span class='ocrx_word' id='word_1_706' title='bbox 1359 2472 1420 2494; x_wconf 87' lang='lat' dir='ltr'><strong>sunt</strong></span> <span class='ocrx_word' id='word_1_707' title='bbox 1443 2466 1531 2505; x_wconf 88' lang='lat' dir='ltr'><strong>potius</strong></span> <span class='ocrx_word' id='word_1_708' title='bbox 1547 2467 1663 2506; x_wconf 83' lang='lat' dir='ltr'><strong>eligunt,</strong></span> <span class='ocrx_word' id='word_1_709' title='bbox 1678 2480 1759 2507; x_wconf 82' lang='lat' dir='ltr'><strong>quam</strong></span> 
     </span>
     <span class='ocr_line' id='line_1_79' title="bbox 204 2512 1758 2556; baseline 0 -12"><span class='ocrx_word' id='word_1_710' title='bbox 204 2517 250 2545; x_wconf 83' lang='lat' dir='ltr'><strong>illa</strong></span> <span class='ocrx_word' id='word_1_711' title='bbox 266 2527 324 2555; x_wconf 81' lang='lat' dir='ltr'><strong>quae</strong></span> <span class='ocrx_word' id='word_1_712' title='bbox 335 2522 445 2556; x_wconf 80' lang='lat' dir='ltr'><strong>pereunt</strong></span> <span class='ocrx_word' id='word_1_713' title='bbox 461 2527 466 2542; x_wconf 90' lang='lat'><strong>:</strong></span> <span class='ocrx_word' id='word_1_714' title='bbox 480 2525 607 2553; x_wconf 87' lang='lat' dir='ltr'><strong>perennes</strong></span> <span class='ocrx_word' id='word_1_715' title='bbox 628 2524 690 2553; x_wconf 87' lang='lat' dir='ltr'><strong>opes</strong></span> <span class='ocrx_word' id='word_1_716' title='bbox 706 2513 796 2552; x_wconf 90' lang='lat' dir='ltr'><strong>potius</strong></span> <span class='ocrx_word' id='word_1_717' title='bbox 810 2523 840 2540; x_wconf 80' lang='lat' dir='ltr'><strong>ac</strong></span> <span class='ocrx_word' id='word_1_718' title='bbox 855 2512 1042 2548; x_wconf 71' lang='lat' dir='ltr'><strong>inexhaustas,</strong></span> <span class='ocrx_word' id='word_1_719' title='bbox 1056 2522 1136 2550; x_wconf 85' lang='lat' dir='ltr'><strong>quam</strong></span> <span class='ocrx_word' id='word_1_720' title='bbox 1158 2523 1200 2540; x_wconf 77' lang='lat' dir='ltr'><strong>eas</strong></span> <span class='ocrx_word' id='word_1_721' title='bbox 1224 2523 1282 2550; x_wconf 74' lang='lat' dir='ltr'><strong>quae</strong></span> <span class='ocrx_word' id='word_1_722' title='bbox 1297 2519 1489 2540; x_wconf 88' lang='lat' dir='ltr'><strong>consumuntur</strong></span> <span class='ocrx_word' id='word_1_723' title='bbox 1501 2513 1673 2552; x_wconf 84' lang='lat' dir='ltr'><strong>:hujusmodi</strong></span> <span class='ocrx_word' id='word_1_724' title='bbox 1688 2515 1758 2544; x_wconf 88' lang='lat' dir='ltr'><strong>enim</strong></span> 
     </span>
     <span class='ocr_line' id='line_1_80' title="bbox 205 2558 1757 2602; baseline 0.001 -12"><span class='ocrx_word' id='word_1_725' title='bbox 205 2569 361 2602; x_wconf 56' lang='lat' dir='ltr'><strong>praeponunt</strong></span> <span class='ocrx_word' id='word_1_726' title='bbox 376 2572 471 2600; x_wconf 77' lang='lat' dir='ltr'><strong>magna</strong></span> <span class='ocrx_word' id='word_1_727' title='bbox 481 2561 587 2600; x_wconf 74' lang='lat' dir='ltr'><strong>parvis,</strong></span> <span class='ocrx_word' id='word_1_728' title='bbox 600 2567 624 2588; x_wconf 90' lang='lat' dir='ltr'><strong>et</strong></span> <span class='ocrx_word' id='word_1_729' title='bbox 635 2559 826 2599; x_wconf 82' lang='lat' dir='ltr'><strong>temporalibus</strong></span> <span class='ocrx_word' id='word_1_730' title='bbox 841 2558 1015 2598; x_wconf 84' lang='lat' dir='ltr'><strong>sempiterna,</strong></span> <span class='ocrx_word' id='word_1_731' title='bbox 1029 2558 1149 2596; x_wconf 85' lang='lat' dir='ltr'><strong>fiuntque</strong></span> <span class='ocrx_word' id='word_1_732' title='bbox 1163 2558 1238 2597; x_wconf 80' lang='lat' dir='ltr'><strong>digni</strong></span> <span class='ocrx_word' id='word_1_733' title='bbox 1260 2559 1306 2597; x_wconf 86' lang='lat' dir='ltr'><strong>qui</strong></span> <span class='ocrx_word' id='word_1_734' title='bbox 1325 2566 1437 2597; x_wconf 80' lang='lat' dir='ltr'><strong>utraque</strong></span> <span class='ocrx_word' id='word_1_735' title='bbox 1451 2559 1607 2599; x_wconf 82' lang='lat' dir='ltr'><strong>percipiant.</strong></span> <span class='ocrx_word' id='word_1_736' title='bbox 1621 2561 1675 2596; x_wconf 87' lang='lat' dir='ltr'><strong>Qui</strong></span> <span class='ocrx_word' id='word_1_737' title='bbox 1687 2562 1757 2591; x_wconf 88' lang='lat' dir='ltr'><strong>enim</strong></span> 
     </span>
     <span class='ocr_line' id='line_1_81' title="bbox 206 2605 1757 2648; baseline -0.001 -10"><span class='ocrx_word' id='word_1_738' title='bbox 206 2610 299 2638; x_wconf 73' lang='lat' dir='ltr'><strong>caelum</strong></span> <span class='ocrx_word' id='word_1_739' title='bbox 314 2616 388 2638; x_wconf 60' lang='lat' dir='ltr'><strong>terrae</strong></span> <span class='ocrx_word' id='word_1_740' title='bbox 402 2619 491 2637; x_wconf 81' lang='lat' dir='ltr'><strong>amore</strong></span> <span class='ocrx_word' id='word_1_741' title='bbox 506 2607 664 2645; x_wconf 84' lang='lat' dir='ltr'><strong>contemnit,</strong></span> <span class='ocrx_word' id='word_1_742' title='bbox 675 2607 755 2635; x_wconf 84' lang='lat' dir='ltr'><strong>etiam</strong></span> <span class='ocrx_word' id='word_1_743' title='bbox 770 2607 848 2635; x_wconf 75' lang='lat' dir='ltr'><strong>istam</strong></span> <span class='ocrx_word' id='word_1_744' title='bbox 863 2606 980 2645; x_wconf 81' lang='lat' dir='ltr'><strong>profecto</strong></span> <span class='ocrx_word' id='word_1_745' title='bbox 995 2605 1087 2644; x_wconf 84' lang='lat' dir='ltr'><strong>perdet</strong></span> <span class='ocrx_word' id='word_1_746' title='bbox 1100 2617 1105 2632; x_wconf 76' lang='lat' dir='ltr'>t</span> <span class='ocrx_word' id='word_1_747' title='bbox 1121 2606 1241 2643; x_wconf 74' lang='lat' dir='ltr'><strong>quivero</strong></span> <span class='ocrx_word' id='word_1_748' title='bbox 1256 2606 1319 2634; x_wconf 85' lang='lat' dir='ltr'><strong>huic</strong></span> <span class='ocrx_word' id='word_1_749' title='bbox 1333 2605 1401 2634; x_wconf 86' lang='lat' dir='ltr'><strong>illud</strong></span> <span class='ocrx_word' id='word_1_750' title='bbox 1421 2607 1565 2645; x_wconf 67' lang='lat' dir='ltr'><strong>przepoilit,</strong></span> <span class='ocrx_word' id='word_1_751' title='bbox 1580 2608 1697 2647; x_wconf 83' lang='lat' dir='ltr'><strong>utrisque</strong></span> <span class='ocrx_word' id='word_1_752' title='bbox 1712 2621 1757 2648; x_wconf 89' lang='lat' dir='ltr'><strong>po-</strong></span> 
     </span>
    </p>
   </div>
   <div class='ocr_carea' id='block_1_17' title="bbox 1828 2242 1843 2892">
    <p class='ocr_par' dir='ltr' id='par_1_17' title="bbox 1828 2242 1843 2892">
     <span class='ocr_line' id='line_1_82' title="bbox 1828 2242 1843 2892; baseline 0 0"><span class='ocrx_word' id='word_1_753' title='bbox 1828 2242 1843 2892; x_wconf 95' lang='lat' dir='ltr'><strong> </strong></span> 
     </span>
    </p>
   </div>
   <div class='ocr_carea' id='block_1_18' title="bbox 1814 1589 1864 2931">
    <p class='ocr_par' dir='ltr' id='par_1_18' title="bbox 1814 1589 1864 2931">
     <span class='ocr_line' id='line_1_83' title="bbox 1814 1589 1864 2931; baseline 0 0"><span class='ocrx_word' id='word_1_754' title='bbox 1814 1589 1864 2931; x_wconf 95' lang='lat' dir='ltr'><strong> </strong></span> 
     </span>
    </p>
   </div>
  </div>
 </body>
</html>
