1809 2901
786 199 966 221 PRAEFATtO.
1616 206 1648 227 ΙΧ

819 310 845 347 g.
870 311 917 339 vi.

93 404 137 431 De
155 403 390 440 interpretatione
410 401 526 439 Georgii
549 400 741 437 Trapemntii,
753 406 779 427 et
796 400 832 426 de
849 409 926 428 nova
941 400 1137 429 Homiliarum
1154 403 1279 431 omnium
1293 405 1324 431 in
1343 405 1515 433 Matthoeum
1531 416 1548 433 a
1565 408 1646 434 nobis

788 446 944 475 adornata.

129 538 159 566 In
174 537 263 566 Editis
277 537 380 565 Latinis
393 547 504 576 operum
519 536 716 576 Chrysostomi,
732 536 848 573 itemque
867 536 893 564 in
913 536 1100 566 Graecolatinis
1114 537 1324 568 Commeliniano
1344 547 1369 568 et
1393 542 1568 579 Morelliano,
1588 551 1646 582 post

88 590 147 612 octo
166 583 267 621 priores
283 583 422 617 homilias,
447 594 560 620 quarum
580 583 707 621 interpres
729 582 841 610 Latinus
856 582 975 611 Anianus
989 590 1042 619 est,
1064 583 1104 611 uti
1115 584 1174 623 jam
1195 585 1332 624 diximus,
1357 594 1455 615 caeterae
1478 598 1569 617 omnes
1585 600 1645 617 cum

89 629 302 669 interpretatione
325 629 436 668 Georgii
451 630 474 657 T
478 629 623 669 rapezuntii
637 628 776 668 prodiere;
792 628 837 656 sed
857 628 883 656 in
898 630 1055 658 Moselliana
1073 637 1125 659 tam
1142 631 1237 660 Aniani
1252 643 1331 670 quam
1350 634 1461 672 Georgii
1475 635 1647 674 Trapezuntii

88 675 221 703 versiones
240 682 399 711 retractatas,
415 682 439 703 et
458 675 483 703 in
505 674 596 703 multis
610 681 718 702 mutatae
739 681 910 713 comparent,
926 682 955 704 ut
971 683 1044 704 erant
1067 677 1093 705 in
1109 677 1212 706 schedis
1227 679 1368 708 Frontonis
1383 680 1493 710 Ducaei:
1511 692 1570 710 nam
1591 682 1647 721 ipse

83 721 188 760 jamdiu
198 722 313 757 obierat,
329 731 390 750 cum
411 721 540 749 Claudius
562 720 692 749 Morellus
706 721 887 749 Homiliarum
902 721 1086 762 Chrysostmui
1105 723 1131 751 in
1150 724 1257 753 Novum
1274 726 1477 755 Testamentum
1493 727 1645 757 Editionem

87 769 198 807 paravit.
214 768 276 796 Haec
291 778 368 807 porro
390 767 501 805 Georgii
515 767 696 807 interpretatio
710 778 761 796 non
776 779 836 796 raro
856 775 946 807 peccat
966 769 993 797 in
1012 770 1172 808 assequenda
1189 772 1299 801 Joannis
1314 773 1499 812 Chrysostomi
1515 782 1601 804 mente
1620 783 1642 803 et

86 815 212 843 sententia
223 825 230 849 ;
243 813 271 842 id
285 824 347 842 vero
356 813 500 852 aliquando
518 813 580 842 inde
597 814 704 850 accidit,
719 815 792 852 quod
805 815 900 843 vitiato
911 815 1006 844 Groeco
1020 817 1166 855 exemplari
1181 817 1214 845 sit
1228 828 1290 847 usus
1301 830 1307 845 :
1318 826 1398 857 atque
1412 820 1492 848 etiam
1508 821 1555 849 ubi
1569 833 1642 850 men—

85 867 137 889 tem
154 860 270 889 auctoris
283 861 445 899 assequitur,
473 867 501 888 ut
522 861 669 899 plurimum
691 861 717 889 in
737 861 830 889 ordine
844 872 874 890 ac
891 862 957 890 serie
970 869 1049 901 atque
1064 863 1090 891 in
1110 865 1303 893 constructione
1317 866 1459 895 verborum
1475 877 1526 895 non
1549 868 1643 906 placet.

86 906 126 934 Ad
141 906 195 935 haec
209 916 281 942 vem,
293 917 353 935 cum
366 913 465 935 remota
485 913 509 935 et
519 906 554 934 ad
568 907 648 935 imam
662 907 788 946 paginam
802 908 888 946 posita
904 908 999 936 Auiani
1010 909 1130 937 versione
1141 917 1257 938 nostram
1270 910 1513 947 substituissemus‚
1527 924 1575 952 par
1588 924 1643 942 esse

84 951 234 989 videbatur,
251 958 280 979 ut
294 953 320 980 in
335 952 443 990 reliquis
460 952 539 980 etiam
553 952 672 981 homiliis
686 952 757 981 idem
773 953 860 992 stylus
875 954 1020 992 eademque
1034 954 1223 993 interpretandi
1240 957 1306 985 ratio
1320 957 1502 986 adhiberetur.
1519 960 1641 997 ΩῑιεψιυΜ

83 1006 142 1037 pter
155 1006 240 1027 totum
255 999 481 1028 Commentarinm
496 1010 564 1028 nova
579 1000 793 1039 interpretatione
806 1000 961 1029 donandum
977 1002 1142 1037 censuimus,
1160 1012 1189 1029 eo
1207 1003 1271 1041 styli
1287 1010 1311 1031 et
1326 1004 1517 1043 interpretandi
1530 1016 1642 1044 genere,

84 1055 136 1082 quo
150 1046 177 1073 in
191 1046 252 1073 aliis
266 1046 358 1074 multis
373 1046 557 1085 Chrysostomi
572 1047 697 1085 operibus
717 1047 756 1075 usi
772 1057 877 1083 sumus,
893 1047 939 1075 ubi
963 1054 1061 1076 remota
1076 1048 1160 1087 priori
1174 1049 1295 1077 versione
1317 1061 1414 1079 novam
1433 1051 1642 1084 adornavimus:

83 1102 116 1119 an
139 1091 262 1128 feliciter,
274 1092 376 1130 judicet
390 1092 511 1121 eruditus
525 1093 614 1121 lector.
631 1094 722 1121 Unum
747 1094 953 1133 moncrejuvat,
969 1105 1016 1122 nos
1030 1095 1175 1133 particulas
1188 1095 1248 1123 illas
1263 1102 1287 1123 et
1305 1095 1430 1124 adverbia
1441 1119 1448 1132 ‚
1463 1098 1522 1137 γὰρ,
1534 1099 1569 1133 δὲ,
1581 1103 1640 1137 γοῦν

83 1143 108 1164 et
122 1137 236 1173 similes,
252 1137 350 1175 quibus
364 1138 483 1166 abundat
499 1138 592 1167 Graeca
606 1138 714 1176 lingua,
728 1149 793 1177 quas
808 1139 907 1178 passim
922 1147 1034 1179 usurpat
1049 1140 1271 1179 Chrysostomus,
1288 1141 1422 1170 interdum
1437 1144 1557 1171 consulto
1569 1156 1622 1183 pue
1633 1162 1641 1164 -

83 1183 238 1219 termittere,
248 1183 309 1221 quia
325 1183 420 1212 Latina
430 1184 521 1222 lingua
536 1195 587 1212 non
602 1191 702 1213 tantam
717 1185 910 1223 panicularum
921 1185 1163 1225 abverbiorumque
1177 1187 1355 1225 frequentiam
1369 1188 1496 1217 admittit.

542 1400 1162 1463 COROLLARIUM

402 1542 468 1576 AD
507 1542 891 1579 MONTFAUCONI
929 1544 1329 1581 PRAEFATIONEM.

239 1768 287 1797 DE
308 1766 483 1802 ANTIQUIS
505 1764 669 1793 ARMENIS
692 1762 940 1793 VERSIONIBUS
963 1763 990 1792 S.
1013 1763 1165 1793 JOANNIS
1190 1765 1460 1797 CHRYSOSTOMI.

114 1889 268 1920 Yersionem
286 1890 427 1916 Annonam
448 1886 535 1914 seculo
549 1885 642 1924 quinto
668 1884 811 1912 consectam
823 1884 850 1912 S.
863 1883 973 1913 Joannis
991 1883 1176 1922 Cbrysostomi
1196 1885 1453 1915 Commentariorum
1469 1888 1494 1916 in
1518 1890 1544 1917 S,
1562 1890 1631 1918 Μημ

74 1937 134 1966 thaei
152 1935 328 1973 Evangelium
342 1933 414 1973 typis
438 1932 628 1970 vulgaverunt,
646 1930 753 1958 duobus
777 1929 960 1959 voluminibus
985 1929 1071 1966 iti-8⁰,
1087 1930 1275 1959 Mechitaristae
1301 1933 1384 1962 Revv.
1403 1934 1492 1963 Patres
1524 1937 1628 1964 Armeni

73 1983 98 2012 in
121 1983 205 2011 insula
217 1983 244 2011 S.
259 1980 362 2015 Lazari,
378 1978 507 2014 venetiis,
524 1988 593 2006 anno
621 1978 712 2013 1826,
728 1976 808 2004 nullis
830 1975 929 2003 additis
948 1975 1016 2004 notis
1031 1975 1145 2012 Latinis,
1165 1983 1190 2004 et
1203 1976 1258 2004 sine
1280 1978 1451 2007 translatione
1464 1980 1517 2008 ulla
1531 1980 1585 2009 :ita
1602 1989 1628 2009 ut

72 2031 162 2066 nobis,
175 2032 293 2058 Armenae
312 2029 409 2065 linguae
423 2026 531 2064 ignaris,
543 2025 594 2053 hoc
611 2024 680 2052 libro
695 2024 733 2052 uti
757 2034 808 2051 non
823 2033 975 2051 eoncessum
990 2023 1078 2051 suerit.
1094 2024 1133 2051 De
1147 2024 1272 2052 omnibus
1291 2035 1349 2063 quie
1369 2026 1495 2055 hactenus
1511 2027 1629 2056 innotue*

71 2084 131 2105 runt
142 2076 306 2105 versionibus
322 2073 436 2112 antiquis
450 2072 571 2101 Armenis
589 2082 698 2111 operum
720 2071 747 2100 S.
760 2069 1045 2109 J.Cln·ysostou1i}1aec
1058 2069 1183 2098 disseruit
1207 2070 1248 2099 vir
1266 2071 1489 2101 eminentissimus
1505 2074 1627 2102 Placidus

69 2123 166 2153 Sukias
187 2122 290 2158 Somal,
305 2121 404 2150 Sinniae
427 2119 642 2158 archiepiscopus
655 2125 679 2146 et
694 2118 783 2146 Abbas
799 2116 928 2155 generalis
950 2116 1159 2153 congregationis
1174 2118 1365 2146 monachorum
1380 2120 1556 2148 Armenorum
1571 2122 1627 2149 Me-

69 2170 264 2199 chitaristarum
285 2169 311 2197 in
333 2168 419 2196 insula
432 2167 459 2195 S.
476 2166 581 2201 Lawri,
596 2176 622 2204 p.
638 2166 727 2194 25-213
749 2164 868 2203 opusculi
892 2163 963 2202 quod
987 2163 1158 2191 inscribitur:
1176 2164 1294 2201 Quadra
1310 2165 1387 2193 delle
1407 2176 1490 2203 opere
1504 2169 1535 2195 di
1560 2171 1626 2196 vari

68 2220 162 2246 autori
185 2219 378 2245 amit-amente
405 2214 530 2242 [radone
555 2215 586 2240 in
607 2215 748 2248 Armeno,
764 2213 856 2240 Venet.
882 2210 971 2247 1825,
986 2220 1044 2248 qum
1071 2210 1199 2238 lectorum
1221 2218 1371 2239 nostrorum
1386 2211 1412 2240 in
1428 2223 1507 2241 usum
1524 2214 1568 2242 hic
1581 2214 1626 2242 (le-

67 2264 216 2293 scribimus.

107 2323 121 2337 a
145 2311 236 2347 Opere
251 2310 280 2337 di
295 2309 323 2337 S.
342 2308 489 2336 Giovanni
511 2308 706 2341 Grisostomo,
721 2307 869 2343 patriarca
889 2305 919 2332 di
942 2300 1190 2342 Coslantinopolff,
1207 2305 1230 2332 il
1247 2307 1297 2342 pitz
1312 2305 1462 2343 eloquente
1476 2308 1508 2335 di
1524 2310 1591 2335 tutti
1604 2308 1625 2335 Ii

67 2369 80 2381 η
101 2356 180 2383 santi
195 2355 294 2382 Padri.
308 2355 443 2382 Existono
464 2353 548 2381 dilui
569 2352 655 2380 molle
673 2361 766 2389 opere.
787 2351 869 2379 Tulle
883 2349 981 2389 quelle
993 2351 1061 2387 peri)
1075 2350 1247 2387 chefurono
1263 2352 1390 2379 [raduine
1406 2353 1437 2379 in
1452 2353 1623 2393 linguaggio

67 2415 80 2427 n
103 2402 232 2429 Armeno
247 2401 295 2429 nel
311 2400 405 2428 secolo
419 2401 535 2437 quinto,
549 2400 651 2427 ebbero
665 2409 724 2427 ιιιια
737 2397 1001 2436 traduzionefatta
1023 2395 1222 2431 sull‘origiual
1238 2397 1330 2424 Greco
1351 2406 1405 2425 eon
1421 2403 1497 2426 lucta
1521 2399 1622 2427 Vesul-

69 2460 80 2472 υ
103 2454 183 2476 tezza
199 2458 213 2474 e
228 2448 381 2482 nitidezw,
409 2445 486 2473 dello
501 2445 574 2481 stile,
589 2446 633 2473 cib
645 2445 696 2472 che
709 2445 799 2472 siamo
813 2443 861 2481 gin
872 2453 922 2481 per
937 2452 1098 2470 accennare
1114 2443 1173 2470 nell
1181 2443 1345 2479 'indu-arte,
1359 2455 1373 2470 e
1385 2454 1455 2471 sono
1469 2456 1478 2471 :
1496 2447 1520 2472 1.
1535 2444 1615 2473 (jour

68 2508 81 2520 u
102 2497 192 2523 menti
206 2493 440 2529 sull'EvangeIt'o
453 2494 483 2521 di
499 2492 528 2521 S.
545 2493 654 2521 Manen
668 2495 676 2527 (
688 2494 726 2527 ³);
739 2501 808 2519 sono
823 2491 962 2529 compresi
977 2491 1007 2518 in
1022 2491 1227 2528 cinquanlalre
1239 2490 1342 2519 omelia·
1355 2491 1434 2519 nella
1449 2499 1547 2520 nostra
1564 2499 1620 2521 tra—

102 2596 111 2604 c
133 2586 297 2617 Munlfimeon
313 2586 363 2617 Ost
378 2594 426 2609 om.
440 2585 465 2608 ‹Jae
480 2584 508 2610 S.
526 2585 592 2609 Gru.
614 2583 662 2607 Ed.
680 2584 706 2607 cli
722 2583 782 2607 Par.
796 2583 827 2607 T.
843 2582 899 2606 VH.
916 2591 938 2612 p.
957 2583 976 2604 ί,
