1876 2926
266 198 332 242 782
577 210 606 232 s.
635 211 771 234 JOANNts
798 211 984 234 cnRYSOST.

262 280 351 297 rernm
366 269 514 308 periculum
526 271 650 300 fecerunt.
663 272 691 300 Si
702 279 789 300 autem
800 271 938 307 didiceris,
953 281 1000 299 un-

261 314 294 343 de
303 315 359 343 hcec
369 326 458 344 mensa
469 317 694 356 colligatur,unde
706 318 761 353 illa,
771 325 833 346 tunc
844 318 925 357 probe
935 317 1000 345 scies

261 371 319 399 quie
330 361 364 389 sit
380 362 447 391 inter
463 370 600 402 utramque
610 364 766 392 differentia.
783 363 924 392 Undenam
937 374 1000 402 ergo

260 406 317 435 haec
327 408 480 446 colligitur?
493 409 535 437 Ex
551 410 677 449 lacrymis
690 410 845 445 innumeris,
855 421 890 438 ex
900 409 1000 438 vidua-

261 464 319 482 rum
335 455 438 493 spoliis,
448 466 481 483 cx
494 457 576 494 raptis
591 456 755 495 pupillorum
764 457 950 485 facultatibus:
967 456 999 484 il—

259 500 284 529 la
301 512 363 531 vero
375 502 497 541 exjustis
508 503 647 531 laboribus
657 510 767 541 paratur
779 515 784 531 ι
800 503 948 541 similisque
960 510 998 532 est

258 547 378 576 formosae
394 548 567 587 speciosa-que
583 549 706 586 mulieri,
721 561 779 587 quae
796 550 870 578 nullo
884 551 998 579 exterio-

258 604 285 622 re
299 602 356 631 egct
371 602 464 623 ornatu
473 607 480 631 3
496 595 541 623 sed
558 596 705 624 naturalem
720 597 798 625 habet
813 597 996 636 pulchritudi-

258 650 333 676 ncu13
350 640 395 667 illa
418 651 479 669 vero
501 641 633 669 meretrici
658 641 771 670 deformi
798 649 822 671 et
837 644 923 683 turpi,
938 655 996 682 quae

256 685 316 713 fuco
332 686 416 714 multo
431 687 524 724 utitur,
540 698 623 726 neque
639 695 723 727 potest
737 688 933 718 deformitatem
947 690 995 719 oh—

255 737 357 769 tegere,
373 732 419 760 sed
440 743 493 770 quo
515 733 624 772 propius
639 734 763 763 accedere
784 742 879 773 tentat,
895 747 925 764 eo
939 748 995 765 ma—

255 776 295 815 gis
310 785 473 814 removetur3
490 789 550 807 nam
564 787 662 818 quanto
675 781 760 819 magis
770 781 871 810 accedit
885 782 919 810 ad
934 793 995 811 con-

254 830 360 859 sortem,
371 831 443 853 tanto
452 825 536 863 magis
545 826 601 864 ejus
611 825 766 856 deformitas
775 828 992 868 deprehenditur.

254 868 293 895 Ne
304 869 472 899 ascendentes
484 871 609 899 convivas
619 873 762 911 aspexeris,
774 874 820 902 sed
835 875 994 914 recedentes,

254 920 279 943 et
290 921 353 943 tunc
367 916 423 954 ejus
435 917 630 956 turpitudinem
644 918 758 947 videbis.
780 920 830 948 Illa
845 932 907 949 vero
922 922 974 951 alia
984 945 992 959 ‚

253 961 337 990 libera
359 973 419 991 cum
436 964 484 999 sit,
509 964 578 993 nihil
601 965 665 994 sinit
685 974 817 995 consortes
839 968 994 998 obscoenum

252 1006 355 1045 dicere,
371 1009 428 1037 hzec
447 1016 536 1038 autem
553 1010 621 1039 nihil
641 1011 797 1049 honestum,
820 1021 911 1053 utpote
935 1025 994 1053 qum

253 1054 380 1082 meretrix
394 1061 418 1082 et
430 1055 537 1084 infamis
552 1056 593 1084 sit.
616 1056 680 1085 Haec
695 1059 822 1087 consortis
834 1060 874 1087 sui
891 1060 994 1089 utilita—

252 1105 305 1127 tem
315 1100 426 1137 qumri13
441 1101 487 1129 illa
499 1102 644 1140 perniciem
658 1104 723 1143 ejus.
740 1104 802 1133 llaec
817 1116 868 1134 non
884 1108 993 1145 permit-

250 1144 283 1172 tit
296 1145 429 1175 offendere
449 1148 536 1176 Deum
545 1160 551 1185 3
567 1148 623 1177 haec
639 1159 690 1177 non
706 1150 768 1178 sinit
782 1161 834 1180 nou
850 1152 991 1182 offendere.

253 1190 386 1220 Adeamus
407 1193 490 1231 igitur
514 1194 586 1231 illos;
611 1195 673 1224 inde
696 1196 809 1225 sciemus
824 1205 888 1235 quot
909 1199 992 1229 simus

251 1237 365 1265 vinculis
390 1239 539 1276 constricti,
557 1240 618 1268 inde
642 1241 755 1270 sciemus
776 1254 893 1272 inensam
908 1256 991 1284 appo-

251 1293 312 1312 nere
328 1284 401 1312 mille
414 1285 490 1313 bonis
506 1286 620 1324 plenam,
632 1288 871 1327 jucundissimam,
891 1292 992 1320 nullius

250 1328 392 1368 impensae,
418 1331 605 1369 sollicitudine,
632 1333 745 1370 invidia,
763 1335 848 1364 livore
861 1348 990 1374 vacuam,

249 1375 285 1403 ab
297 1375 370 1403 omni
384 1376 476 1404 morbo
488 1377 612 1414 liberam,
626 1378 695 1407 hona
711 1390 756 1418 spe
766 1381 901 1419 refertam,
919 1383 990 1411 mul-

250 1421 284 1449 tis
300 1429 419 1450 ornatam
434 1423 548 1462 tropaeis.
569 1424 650 1452 Nulla
667 1432 704 1453 est
725 1426 763 1454 ibi
788 1427 870 1456 animi
885 1436 989 1467 pertur-

1014 211 1168 235 AchtEP.
1197 214 1451 239 CONSTANTtNoP
1458 232 1464 239 .

1052 271 1128 301 πόΟεν
1141 273 1205 309 αὕτη
1222 275 1372 314 συλλέγεται
1388 279 1404 312 ἡ
1419 277 1533 317 τράπεζα
1543 300 1550 313 ,
1565 278 1609 306 καὶ
1628 278 1704 307 πόθεν
1718 279 1802 315 ἐκείνη
1812 302 1819 315 ,

1051 316 1109 345 τότε
1130 318 1186 357 ὄψει
1207 321 1293 353 καλῶς
1317 321 1442 361 ἑκατέρας
1462 322 1492 351 τὸ
1519 323 1647 362 διάφορον.
1670 325 1754 354 Πόθεν
1775 321 1818 354 οὖν

1053 363 1218 402 συλλέγεται,
1229 365 1291 394 Ἀπὸ
1310 367 1408 406 μυρίων
1426 367 1552 407 δακρύων,
1564 369 1615 397 ἀπὸ
1635 373 1723 409 χηρῶν
1738 372 1819 399 πλεο-

1051 410 1240 447 νεκτουμένων,
1261 412 1313 440 ἀπὸ
1331 414 1448 452 ὀρφανῶν
1467 415 1652 453 ἁρπαζομένων
1665 428 1671 433 ·
1687 420 1704 452 ἡ
1723 417 1750 445 δὲ
1768 417 1820 446 ἀπὸ

1050 453 1135 482 πόνων
1150 455 1257 484 δικαίων
1268 469 1273 475 ·
1289 458 1334 486 καὶ
1348 458 1429 487 ἔοικεν
1453 459 1518 495 αὕτη
1542 460 1587 498 μὲν
1603 463 1619 495 ἡ
1640 461 1756 500 τράπεζα
1776 475 1820 500 γυ<

1049 501 1120 529 ναικὶ
1136 502 1203 540 καλῇ
1225 503 1270 531 καὶ
1285 504 1387 539 εὖειδεῖ,
1404 505 1502 538 οὐδενὸς
1518 507 1569 533 τῶν
1585 505 1675 538 ἔξωθεν
1696 507 1803 547 δεομένη
1813 530 1821 543 ,

1050 547 1118 575 ἀλλὰ
1139 548 1244 587 φυσικὸν
1260 548 1355 588 ἐχούσῃ
1382 550 1412 578 τὸ
1434 551 1542 583 κάλλος·
1568 552 1653 587 ἐκείνη
1676 553 1720 589 δὲ,
1735 553 1819 594 πόρνῃ

1049 593 1100 621 τινὶ
1122 595 1220 634 αἰσχρᾷ
1243 595 1288 623 καὶ
1312 596 1437 632 δυσειδεῖ,
1458 597 1542 626 πολλὰ
1569 597 1615 635 μὲν
1640 598 1824 638 ἔπιτρίμματα.

1049 637 1159 678 ἐχούσῃ,
1182 641 1227 668 οὐκ
1253 641 1376 680 ἰσχυούσῃ
1402 641 1428 669 δὲ
1450 643 1589 672 συσκιάσαι
1609 643 1656 678 τὴν
1679 644 1820 684 ἀμορφίαν,

1048 686 1105 714 ἀλλ’
1121 686 1172 726 ὅσῳ
1188 686 1218 715 ἂν
1234 687 1308 726 ἐγγὺς
1331 688 1454 727 γένηται,
1473 691 1571 727 μᾶλλον
1587 690 1760 730 ε’λεγχομένη·
1775 691 1820 720 καὶ

1046 731 1097 772 γὰρ
1121 733 1167 761 καὶ
1180 732 1246 768 αὕτη
1268 733 1329 762 ὅταν
1345 735 1474 774 ἐγγυτέρω
1499 736 1606 775 γένηται
1629 741 1675 766 τοῦ
1700 749 1820 776 συγγενο-

1047 777 1139 815 μένου,
1154 779 1212 808 τότε
1231 779 1342 809 δείκνυσι
1359 781 1389 809 τὸ
1403 777 1492 820 αἰσᾸος
1510 784 1617 820 μᾶλλον.
1635 782 1680 818 Μὴ
1702 783 1753 824 γάρ
1776 795 1820 822 μοι

1046 825 1164 858 ἀνιόντας
1180 825 1237 864 ἴδῃς
1251 826 1309 859 τοὺς
1330 827 1500 866 δαιτυμόνας,
1516 829 1584 858 ἀλλὰ
1598 829 1642 858 καὶ
1665 830 1801 863 κατιόντας
1812 853 1819 866 ,

1045 870 1090 898 καὶ
1102 870 1159 900 τότε
1175 873 1254 907 αὐτῆς
1265 872 1322 912 ὄψει
1336 872 1383 907 τὴν
1400 873 1571 912 αἰσχρότητα.
1587 874 1693 910 Ἔκείνη
1710 874 1756 913 μὲν
1769 875 1820 915 γὰρ

1045 916 1102 949 τοὺς
1118 919 1331 957 συγγενομένους,
1345 920 1390 948 ἅτε
1401 919 1522 960 ἐλευθέρα
1537 915 1615 957 οὖσα,
1626 921 1696 950 οὐδὲν
1713 921 1818 961 ἀφίησιν

1047 964 1153 1002 αἰσχρὸν
1181 966 1278 993 εἰπεῖν·
1304 965 1369 1000 αὕτη
1394 965 1420 994 δὲ
1446 966 1516 994 οὐδὲν
1541 967 1644 1005 σεμνὸν,
1668 968 1714 996 ἅτε
1734 967 1818 1008 πόρνη

1046 1005 1111 1038 οὖσα
1138 1010 1183 1038 καὶ
1209 1011 1374 1049 ἠτιμωμένη.
1390 1011 1463 1047 Αὕτη
1484 1012 1513 1040 τὸ
1533 1013 1663 1053 χρήσιμον
1685 1015 1755 1049 ζητεῖ
1774 1017 1819 1043 τοῦ

1046 1055 1164 1088 συνόντος
1187 1057 1265 1094 αὐτῇ·
1279 1057 1364 1092 ἐκείνη
1389 1057 1415 1086 δὲ
1441 1058 1470 1087 τὸ
1494 1058 1642 1092 ἐπιῧλαὸές,
1657 1060 1714 1088 Καὶ
1736 1063 1753 1095 ἡ
1771 1059 1817 1097 μὲν

1045 1102 1091 1129 οὐκ
1106 1101 1198 1141 ἀφίησι
1218 1106 1394 1142 προσκροῦσαι
1411 1105 1489 1143 Θεῷ·
1512 1107 1528 1139 ἡ
1545 1104 1571 1133 δὲ
1596 1107 1641 1133 οὐκ
1665 1105 1757 1144 ἀφίησι
1779 1105 1816 1144 μὴ

1043 1151 1229 1187 προσκροῦσαι.
1253 1148 1383 1186 Ἀπίωμεν
1408 1149 1492 1177 τοίνυν
1516 1150 1580 1189 πρὸς
1605 1150 1731 1183 ἐκείνους·
1753 1153 1817 1180 ἐκεῖ·

1044 1195 1085 1221 Οεν
1108 1193 1229 1231 εἰσόμεθα
1246 1193 1335 1226 πόσοις
1360 1195 1463 1232 δεσμοῖς
1485 1196 1562 1233 ἐσμεν
1583 1195 1816 1235 περιῧεὸλημένοι·

1044 1241 1140 1267 ἐκεῖθεν
1167 1239 1290 1277 εἰσόμεθα
1310 1240 1442 1279 τράπεζαν
1458 1241 1648 1280 παρατίθεσθαι
1663 1242 1761 1282 μυρίων
1776 1243 1816 1282 γέ-

1045 1297 1144 1323 μουσαν
1160 1287 1274 1324 ἀγαθῶν,
1286 1286 1406 1322 ἡδίστην,
1426 1286 1568 1323 ἀδάπανον,
1584 1287 1715 1328 φροντίδος
1732 1290 1816 1324 ἀπηλ-

1043 1331 1192 1369 λαγμένην,
1215 1331 1306 1370 φθόνου
1333 1332 1377 1360 καὶ
1403 1333 1547 1370 βασκανίας
1568 1334 1613 1362 καὶ
1631 1334 1705 1363 νόσου
1729 1335 1816 1370 πάσης

1043 1377 1187 1416 ἐλευθέραν,
1204 1377 1248 1405 καὶ
1263 1380 1379 1416 χρηστῆς
1395 1378 1525 1416 γέμουσαν
1540 1379 1657 1416 ἐλπίδος,
1671 1380 1716 1408 καὶ
1730 1381 1815 1410 πολλὰ

1042 1422 1075 1451 τὰ
1086 1422 1199 1462 τρόπαια
1222 1422 1341 1462 ἔχουσαν.
1357 1425 1416 1452 Οὐκ
1439 1424 1493 1453 ἔστι
1514 1424 1620 1465 θόρυὲος
1640 1427 1725 1465 ψυχῆς
1747 1428 1815 1462 ἐκεῖ,

248 1466 338 1501 batio,
356 1478 407 1496 non
420 1468 548 1505 morbus,
565 1480 616 1498 non
627 1470 685 1499 ira:
700 1472 788 1500 omnia
800 1474 988 1513 tranquillitas,
998 1488 1035 1508 694
1044 1469 1090 1496 Οὐχ
1113 1468 1167 1496 ἔστι
1191 1467 1298 1504 ι’νόσ’>ς,
1315 1470 1361 1497 Οὐκ
1385 1469 1454 1498 ἔστιν
1479 1471 1542 1510 ὀργή
1555 1482 1562 1488 ·
1587 1471 1672 1500 πάντα
1697 1473 1814 1528 γαλήνη,

249 1514 337 1541 omnia
359 1525 420 1553 pax.
444 1515 484 1543 Ne
503 1515 570 1543 mihi
594 1516 731 1546 silentium
758 1519 941 1549 ministrorum
963 1522 990 1550 in
1008 1517 1027 1539 Λ
1044 1512 1129 1542 πάντα
1140 1513 1293 1553 Εἷρήνη-Μὴ
1302 1514 1353 1554 γάρ
1368 1514 1468 1553 μῦῑτὴν
1480 1515 1555 1555 σῑγῆν
1566 1519 1617 1545 Τῶν
1630 1518 1813 1547 δίακθνουντων

249 1560 346 1588 mensis
362 1560 478 1590 divitum
491 1572 619 1591 memores
629 1586 637 1601 ,
654 1563 699 1592 sed
710 1564 851 1594 clamorem
864 1568 989 1597 conviva-

249 1617 325 1634 rum:
339 1618 390 1636 non
402 1608 479 1636 illum
492 1620 544 1647 qno
559 1616 653 1638 mutuo
679 1617 806 1649 utuntur,
822 1612 884 1641 licet
899 1620 923 1642 et
944 1614 988 1643 hic

247 1651 379 1681 ridiculus
393 1654 441 1688 sit,
466 1654 511 1683 sed
525 1655 691 1693 interiorem,
710 1657 757 1695 qui
773 1658 800 1686 in
824 1659 929 1697 animo,
943 1661 989 1699 qui

248 1709 371 1737 magnam
383 1701 459 1729 affert
473 1702 669 1740 captivitatem,
682 1704 875 1742 cogitationum
888 1707 990 1736 tumul-

246 1751 317 1781 tum,
343 1746 504 1785 procellam,
531 1747 687 1786 caliginem,
711 1756 891 1789 tempestatem
900 1774 908 1789 ,
926 1754 989 1791 qui-

245 1790 296 1819 bus
307 1792 395 1819 onmia
405 1792 562 1821 minuuntur
573 1800 597 1822 et
608 1794 809 1833 permiscentur,
818 1804 843 1825 et
854 1805 988 1828 nocturnae

246 1847 342 1875 pugnae
357 1837 452 1866 similis
466 1846 512 1867 est.
532 1839 585 1867 Sed
608 1850 660 1869 non
685 1841 748 1869 talia
762 1842 790 1870 in
808 1843 988 1875 tabernaculis

245 1883 448 1921 monachorum,
460 1885 506 1913 sed
518 1886 600 1914 multa
609 1887 798 1925 tranquillitas,
808 1889 882 1927 quies
893 1892 986 1920 multa.

245 1928 280 1956 Et
303 1929 377 1957 illam
399 1930 509 1968 quidem
526 1942 644 1961 mensam
658 1933 760 1972 excipit
784 1945 893 1964 somnus
907 1938 987 1966 morti

244 1974 352 2009 similis,
371 1976 440 2004 hanc
461 1988 524 2006 vero
538 1978 692 2016 vigilantia;
714 1979 787 2008 illam
804 1982 984 2021 supplicium,

243 2019 312 2048 hanc
326 2032 435 2059 regnum
452 2023 576 2052 caelorum
597 2031 622 2052 et
636 2024 798 2055 immortalia
810 2028 929 2066 praemia.
946 2030 984 2058 Il-

242 2065 297 2094 lam
310 2066 392 2105 igitur
403 2068 581 2107 insequamur,
590 2077 618 2098 ut
629 2070 761 2100 fructibus
772 2074 829 2112 ejus
845 2074 983 2104 fruamur:
1001 2068 1019 2091 B

243 2124 309 2151 quos
326 2115 429 2143 utinam
442 2126 533 2145 omnes
546 2128 739 2155 consequamur
748 2142 756 2157 ,
773 2121 858 2158 gratia
873 2129 897 2151 et
907 2122 984 2152 beni-

243 2159 343 2197 gnitate
362 2162 470 2190 Domini
487 2163 567 2191 nostri
586 2165 649 2193 Jesu
663 2165 779 2203 Christi,
796 2167 839 2195 cui
853 2167 937 2206 gloria
959 2176 984 2198 et

242 2205 384 2245 imperium
395 2207 422 2235 in
433 2208 527 2237 saecula
539 2210 704 2239 saeculorum.
716 2213 808 2241 Amen.

278 2375 290 2393 b
302 2376 350 2398 Pro
364 2382 422 2404 νόσος
435 2376 520 2401 Morel.
534 2383 559 2401 et.
571 2377 672 2410 quidam
684 2379 724 2403 alii
739 2382 796 2410 λύπη
810 2380 912 2406 habent.

277 2422 286 2432 -·
300 2414 408 2444 Quidam
421 2415 514 2441 habent
528 2422 666 2450 συγκέχυται.
682 2418 760 2444 Paulo
773 2426 829 2451 post.
841 2420 927 2446 Morel.
941 2424 1003 2446 ἀλλὰ

1044 1559 1118 1598 εἴπῃς
1131 1561 1155 1588 ἐν
1176 1564 1233 1592 ταῖς
1246 1562 1297 1588 τῶν
1319 1560 1449 1589 πλουσίων
1469 1561 1576 1598 οἰκίαις,
1592 1562 1658 1592 ἀλλὰ
1670 1563 1716 1599 τὴν
1729 1576 1812 1603 κραυ·

1043 1605 1091 1643 γὴν
1113 1607 1163 1634 τῶν
1186 1606 1455 1645 ἀριστοποιουμένων·
1481 1610 1509 1637 οὐ
1527 1607 1574 1644 τὴν
1600 1609 1663 1648 πρὸς
1686 1610 1813 1646 ἀλλήλους

1042 1650 1111 1689 λέγω
1135 1651 1144 1689 (
1153 1652 1198 1680 καὶ
1223 1650 1288 1687 αὕτη
1327 1651 1373 1690 μὲν
1403 1653 1453 1693 γὰρ
1486 1654 1714 1693 καταγέλαστος),
1746 1657 1812 1685 ἀλλὰ

1042 1696 1089 1731 τὴν
1119 1697 1199 1733 ἔνδον,
1226 1697 1273 1732 τὴν
1303 1699 1328 1726 ἐν
1358 1701 1390 1737 τῇ
1415 1700 1485 1738 ψυχῇ
1495 1722 1502 1735 ,
1533 1699 1580 1735 τὴν
1612 1701 1711 1736 πολλὴν
1743 1702 1811 1731 ἐπά-

1041 1754 1135 1781 γουσαν
1159 1743 1353 1782 αἰχμαλωσίαν,
1374 1743 1432 1777 τοὺς
1455 1744 1577 1784 Θορύὸους
1592 1747 1643 1774 τῶν
1661 1748 1811 1792 λογισμῶν,

1040 1788 1087 1824 τὴν
1111 1788 1200 1825 ζάλην,
1215 1789 1258 1818 τὸν
1275 1789 1360 1829 ζόφον,
1381 1790 1425 1819 τὸν
1440 1793 1574 1829 χειμῶνα,
1600 1791 1632 1819 δι’
1658 1794 1693 1819 ὧν
1708 1792 1811 1821 ἅπαντα

1041 1834 1163 1873 μίγνυται
1182 1835 1226 1864 καὶ
1240 1839 1251 1851 ³
1261 1841 1409 1875 συγχεῖται,
1428 1837 1474 1865 καὶ
1487 1837 1652 1877 νυκτομαχίᾳ
1668 1838 1718 1866 τινὶ
1730 1850 1811 1878 προσ-

1040 1879 1130 1909 εὀικεν.
1143 1880 1210 1909 Ἀλλ’
1228 1883 1274 1910 οὐκ
1289 1883 1314 1910 ἐν
1325 1886 1383 1914 ταῖς
1397 1887 1504 1917 σκηναῖς
1516 1885 1567 1911 τῶν
1587 1886 1708 1922 μοναχῶν
1721 1887 1810 1913 τοιαῦ-

1038 1938 1087 1955 τα·
1113 1926 1180 1955 ἀλλὰ
1207 1926 1290 1962 πολλὴ
1316 1930 1332 1962 ἡ
1355 1927 1570 1966 γαλήνη,πολλὴ
1592 1931 1608 1963 ἡ
1632 1929 1739 1968 ἡσυχία.
1755 1931 1809 1959 Κά-

1039 1971 1125 2007 κείνην
1142 1971 1187 2010 μὲν
1208 1971 1286 2005 ὕπνος
1302 1972 1406 2012 θανάτῳ
1421 1973 1580 2013 προσεοικὼς
1597 1974 1745 2013 διαδέχεται
1761 1975 1808 2010 τὴν

1038 2017 1179 2056 τράπεζαν,
1193 2017 1289 2053 ταύτην
1303 2017 1329 2047 δὲ
1345 2019 1422 2057 ν’ἦψις
1433 2019 1478 2047 καὶ
1494 2019 1636 2059 ἀγρυπνία·
1651 2019 1750 2055 ἐκείνην
1765 2020 1808 2049 κό-

1038 2063 1128 2098 λασις,
1147 2062 1243 2098 ταύτην
1270 2065 1384 2102 οὐρανῶν
1411 2063 1546 2101 βασιλεία,
1569 2064 1614 2092 καὶ
1634 2065 1667 2094 τὰ
1691 2066 1807 2094 ἀθάνατα

1038 2108 1158 2148 βραὸεῖα.
1174 2107 1279 2143 Ταύτην
1295 2108 1379 2137 τοίνυν
1395 2108 1540 2147 διώκωμεν,
1555 2109 1598 2138 ἵνα
1610 2110 1654 2138 καὶ
1672 2112 1723 2139 τῶν
1739 2123 1807 2151 καρ-

1036 2155 1092 2182 πῶν
1112 2154 1190 2188 αὖτ’ἥς
1213 2153 1403 2193 ἀπολαύσωμεν
1416 2166 1422 2171 ·
1437 2150 1472 2182 ὧν
1497 2154 1596 2193 γένοιτο
1617 2156 1717 2189 πάντας
1737 2159 1807 2195 ἡμᾶς

1035 2201 1176 2238 ἐπιτυχεῖν,
1188 2199 1278 2239 χάριτι
1297 2200 1341 2228 καὶ
1356 2200 1539 2240 φιλανθρωπία
1558 2204 1604 2231 τοῦ
1620 2201 1715 2241 Κυρίου
1731 2205 1806 2240 ἡμῶν

1035 2246 1121 2281 Ἰησοῦ
1133 2247 1246 2284 Χριστοῦ
1255 2268 1262 2282 ,
1274 2241 1295 2286 ᾧ
1307 2249 1323 2281 ἦ
1340 2246 1399 2280 δόξα
1411 2247 1456 2276 καὶ
1467 2247 1496 2276 τὸ
1513 2247 1606 2287 κράτος
1619 2249 1654 2281 εἷς
1674 2248 1731 2282 τοὺς
1745 2250 1808 2278 αἰῶ-

1033 2304 1079 2325 νας
1093 2293 1144 2320 τῶν
1158 2291 1268 2320 αἰώνων.
1280 2291 1371 2331 Ἀμήν.

1051 2387 1125 2413 πολλὴ
1138 2387 1151 2412 ἡ
1166 2387 1254 2416 ἡσυχία.
1269 2387 1368 2412 κάκείνην
