1876 2926
191 193 258 228 280
517 208 544 230 s.

191 268 218 295 ὃ.
235 267 352 295 Nesciat
366 269 485 296 sinistra
500 275 550 297 lucc
565 270 720 310 quitlsacit
734 272 853 299 dextera
868 278 926 300 tua.
936 296 971 316 ‚345

191 314 294 341 Rursus
306 313 350 341 hic
372 324 422 341 non
446 325 539 343 manus
554 316 721 354 subimlicat;
736 317 783 345 sed
795 317 928 357 hyperbo-
946 325 964 346 A

190 360 241 388 liee
255 359 283 388 id
296 360 393 399 posuit.
420 362 487 390 Nam
504 362 525 390 si
550 363 607 391 sieri
627 371 725 402 posset,
742 365 838 403 inquit,
854 371 883 392 ut
900 371 929 392 tu

192 406 248 444 ipse
263 407 408 445 ignorares,
420 407 489 436 illud
499 409 577 437 etiam
591 410 738 439 curandum
761 418 835 447 esset,
850 411 929 439 etiam

192 452 214 480 si
229 459 315 491 posset
332 453 389 481 sieri
404 453 475 493 ipsas
486 465 580 483 manus
600 455 779 483 ministrantes
797 456 877 484 latere
886 456 931 483 de—

193 497 273 526 beret.
285 499 343 527 Non
357 506 385 527 ut
405 499 514 537 quidam
527 500 630 538 dieunt,
652 501 679 529 id
695 501 784 540 pravis
799 501 929 529 occultan-

192 543 258 572 dum
269 551 389 583 oportere
402 545 570 574 hominihus:
587 547 688 575 cunctis
701 547 770 576 enim
783 546 861 585 jussit
872 547 931 575 abs-

193 590 280 619 condi.
301 591 404 619 Deiude
415 592 498 631 cogita
509 600 607 630 quanta
623 593 656 621 sit
672 604 778 621 merces.
789 594 931 633 Postquam

193 636 264 664 enim
288 636 450 675 supplicium
473 637 606 674 edixerat,
630 639 744 667 ostendit
765 639 828 667 hinc
842 639 931 672 decer-

192 682 310 722 pendum
336 684 461 711 honorem
477 706 486 722 ,
511 685 636 722 utrinque
665 696 708 713 eos
738 686 875 725 impellens
907 693 932 715 et

153 747 162 755 .
193 728 226 757 ad
248 729 389 757 sublimem
413 740 492 767 agens
510 729 668 759 doctrinam.
692 732 775 760 Docet
786 732 887 771 quippe
902 739 932 760 ut

70 1581 174 1601 ostenta-

33 1611 98 1631 tionis
134 1612 172 1632 ‹la-

33 1650 118 1663 mnum.

193 775 275 803 sciant
293 775 392 812 ubique
407 776 493 803 Deum
508 786 563 804 esse
579 783 748 815 praesentem,
776 788 869 816 resque
885 788 931 807 no-

193 828 259 850 stras
275 832 326 849 nou
352 832 406 849 esse
420 822 555 860 praeseutis
578 822 640 852 vitm
664 823 797 852 limitibus
816 824 929 855 eircum-

193 868 313 907 seriptas,
326 867 371 895 sed
384 867 529 897 terribilius
546 868 609 897 hinc
624 880 671 898 nos
687 877 863 910 excepturum
876 881 931 899 esse
947 875 963 898 B

193 914 311 942 tribunal
323 936 332 951 ,
359 920 384 942 et
413 913 525 942 rationes
559 913 705 946 reddendas
737 916 792 944 sore
822 922 930 944 actuum

192 960 329 998 omnium,
345 959 460 997 hincque
483 960 526 988 vel
550 960 662 990 honores
677 961 719 990 vel
742 961 885 1001 supplicia,
900 973 930 991 ac

193 1017 239 1035 nec
254 1017 367 1046 pawum
383 1016 429 1034 nee
444 1016 572 1045 magnum
587 1017 654 1046 opus
666 1007 746 1037 latere
762 1018 849 1047 posse,
868 1008 930 1037 licet

192 1052 312 1081 homines
324 1052 403 1080 latere
415 1051 545 1081 videatur.
563 1052 625 1081 Haec
639 1053 737 1093 quippe
759 1054 848 1082 omnia
867 1054 929 1084 suh-

192 1099 320 1128 indicavit
341 1098 449 1128 dicens:
467 1099 494 1127 4.
508 1100 600 1127 Pater
623 1106 699 1135 tuus,
723 1102 775 1139 qui
797 1101 879 1129 videt
897 1102 929 1129 in

192 1146 372 1179 abscondite,
383 1146 483 1173 reddet
499 1146 551 1172 tibi
562 1147 593 1173 in
616 1145 788 1184 manifesto:
800 1156 928 1184 magnum

190 1197 215 1219 et
238 1190 394 1220 honorabile
418 1190 551 1219 theatrum
572 1190 623 1230 ipsi
648 1191 817 1228 constituens,
834 1191 880 1219 ubi
899 1191 928 1220 id

188 1237 262 1275 quod
283 1236 457 1275 concupiscit,
479 1236 502 1265 ei
518 1235 624 1264 abunde
647 1236 793 1266 admodum
808 1236 925 1266 dabitur.

188 1283 262 1317 Quid
275 1283 335 1312 vis?
351 1282 451 1321 inquiet
467 1294 472 1309 :
489 1292 576 1310 annon
601 1282 706 1321 aliquos
721 1282 820 1311 habere
842 1290 926 1322 gesto-

188 1339 248 1357 rum
264 1335 423 1367 spectatores
433 1328 446 1355 ?
463 1327 532 1356 Ecce
547 1327 628 1356 habes
637 1350 645 1365 ,
659 1337 710 1356 non
720 1328 828 1367 angelos
843 1336 867 1358 et
878 1339 925 1357 ar—

185 1375 327 1414 changelos
343 1381 462 1409 tantum,
473 1373 519 1403 sed
535 1380 560 1402 et
573 1374 758 1403 universorum
774 1376 862 1404 Deum
876 1388 882 1403 ε
903 1376 924 1405 si

185 1421 265 1449 etiam
274 1420 394 1449 homines
416 1420 516 1448 habere
527 1426 684 1459 spectatores
699 1421 874 1460 concupiscis,
892 1432 924 1450 ne
940 1425 957 1448 C

185 1466 235 1495 hoc
249 1466 356 1505 quidem
369 1465 532 1495 desiderium
546 1467 635 1494 fructu
656 1477 772 1496 vacuum
786 1467 835 1495 erit
857 1474 923 1496 tem-

184 1525 248 1553 pore
260 1520 424 1553 opportuno;
445 1513 498 1541 imo
513 1512 539 1541 id
556 1512 604 1541 tibi
626 1523 687 1541 eum
708 1513 803 1552 majori
817 1514 924 1543 cumulo

184 1560 362 1599 praestabitur.
378 1560 456 1588 Nunc
473 1559 543 1588 enim
564 1558 586 1588 si
607 1566 633 1588 te
653 1559 835 1597 ostentaveris,
851 1560 924 1600 apud

183 1606 274 1635 decem
288 1606 330 1635 vel
356 1606 467 1645 viginti,
490 1606 533 1636 vel
558 1612 663 1635 centum
686 1605 804 1635 homines
820 1613 923 1636 tantum

183 1660 314 1681 ostentare
325 1660 348 1681 te
364 1653 479 1692 poteris;
492 1654 535 1682 sin
546 1652 651 1683 studeas
663 1663 734 1682 nunc
753 1653 842 1692 latere,
860 1661 923 1683 tunc

183 1706 208 1727 te
222 1700 278 1739 ipse
287 1701 359 1728 Deus
374 1699 543 1738 preedieabit,
566 1706 620 1728 toto
635 1707 762 1740 praesente
777 1701 849 1730 orbe.
871 1702 923 1730 Ita-

182 1757 233 1784 que
246 1746 268 1774 si
287 1753 422 1785 tantopere
434 1746 499 1775 velis
520 1745 641 1775 hominos
664 1753 735 1785 gesta
752 1753 796 1775 tua
819 1747 920 1786 videre,

182 1792 314 1821 absconde
329 1803 399 1820 nunc
423 1792 480 1829 illa,
503 1799 532 1820 ut
557 1803 618 1821 cum
634 1793 729 1832 majori
752 1793 852 1822 honore
877 1800 922 1823 tuo

183 1839 229 1866 illa
244 1849 333 1866 omnes
347 1845 409 1866 tunc
424 1837 543 1874 videant,
559 1839 616 1867 Deo
631 1838 689 1878 ipsa
709 1839 847 1868 manifesta
862 1840 922 1868 red-

183 1883 272 1919 dente,
285 1884 436 1919 extollente,
445 1891 469 1912 et
481 1883 552 1923 apud
563 1894 654 1912 omnes
664 1883 832 1923 przedieante.
845 1886 870 1915 N
872 1896 922 1915 unc

184 1936 273 1958 autem
286 1937 310 1958 te
321 1930 367 1968 qui
382 1930 499 1958 viderint
508 1929 686 1967 damnabunt,
701 1937 730 1958 ut
741 1941 816 1959 vanae
830 1932 920 1970 gloria¹

184 1977 314 2016 cupidum
325 1989 331 2004 x
346 1988 406 2005 cum
417 1988 496 2016 porro
508 1984 533 2005 te
543 1984 697 2006 coronatum
710 1977 850 2017 videbunt,
869 1990 920 2008 non

184 2022 262 2050 modo
290 2033 341 2050 non
362 2022 540 2060 damnabunt,
567 2023 613 2051 sed
640 2023 720 2052 etiam
752 2024 922 2054 mirabuntur

184 2079 282 2096 omnes.
298 2069 365 2096 Cum
378 2068 467 2105 itaque
481 2075 505 2097 et
520 2079 619 2097 merces
630 2076 720 2107 parata
739 2069 781 2106 sit,
796 2077 820 2097 ct
835 2070 921 2099 admi-

184 2114 278 2142 rationi
295 2114 400 2141 futurus
412 2114 459 2145 sis,
476 2114 497 2141 si
512 2114 624 2152 paulum
636 2114 762 2153 temporis
775 2123 918 2155 exspectes,

183 2160 268 2198 cogita
281 2166 384 2197 quantze
393 2159 511 2187 stultitiae
522 2166 741 2197 essetutrumque
752 2160 833 2188 simul
843 2162 920 2190 amit-

183 2213 247 2238 tere,
261 2205 327 2233 dum
340 2212 363 2232 et
376 2215 391 2232 a
404 2206 459 2232 Deo
472 2215 570 2232 merces
584 2205 691 2243 petitur,
706 2212 731 2233 et
746 2206 802 2234 Deo
815 2206 921 2235 vidente

183 2253 302 2280 homines
313 2259 455 2281 evocantur
470 2259 602 2290 gestorum
623 2259 788 2291 spectatores.
806 2254 834 2281 Si
849 2255 919 2283 enim

183 2310 229 2327 nos
252 2306 381 2327 ostentam
403 2298 538 2333 volumus,
566 2299 637 2327 Patri
669 2306 729 2327 ante
752 2300 839 2329 omnia
864 2312 918 2330 sese

181 2345 316 2374 ostendere
327 2351 428 2384 oportet
440 2356 446 2379 3
463 2344 579 2372 maxime
590 2355 653 2373 vero
666 2355 727 2373 eum
737 2353 761 2374 et
774 2347 916 2376 coronandi

180 2399 203 2419 et
220 2391 345 2430 puniendi
369 2390 493 2418 dominus
504 2390 537 2418 sit
551 2391 635 2418 Pater.
650 2391 726 2419 Certe
739 2392 841 2421 etiamsi
856 2393 916 2421 nul-

181 2438 235 2466 lum
253 2437 316 2466 hine
327 2443 480 2474 sequeretur
490 2435 630 2474 damnum,
647 2446 699 2465 non
714 2444 844 2476 oporteret
858 2438 915 2477 glo-

211 2532 218 2541 2
239 2523 347 2554 Quidum
368 2526 475 2554 ἐνταῦθα,
491 2528 515 2546 et
531 2522 605 2554 paulo
621 2529 678 2553 post
695 2528 723 2552 εἰς
743 2526 816 2556 Quali<
833 2529 928 2557 ἀνάγων.

211 2566 222 2581 ¹¹
241 2562 285 2586 Alii
301 2567 379 2590 θεατάς
395 2565 459 2595 ἔχεις.

210 2612 214 2620 c
237 2600 345 2632 Quidam
360 2604 438 2631 μισθὸν
451 2603 487 2632 iniq
502 2603 582 2625 λκὲεῑν.

574 206 679 231 ,ΙΟΑΝΝ
688 207 714 230 Η
747 210 931 233 ClsstYSOST.
961 211 1114 233 ARCHIEP.

1143 211 1412 235 CONSTANTtNOP.

983 283 1040 306 σου,
1060 272 1086 300 τί
1107 277 1176 300 ποιεῖ
1197 275 1212 307 ἠ
1233 272 1303 305 δεξιά
1320 285 1373 302 σου.
1389 274 1474 302 Πάλιν
1489 276 1597 304 ἐνταῦθα
1618 277 1646 304 οὐ
1659 281 1751 315 χειρας

983 318 1139 353 αἰνίττεται,
1157 319 1213 346 ἀλλ’
1233 318 1409 358 ὑπερίὶολικῶς
1430 320 1492 348 αὐτὸ
1510 320 1632 350 τέθεικεν.
1647 322 1681 350 Εἰ
1699 321 1752 361 γὰρ

982 359 1033 392 οἷόν
1050 363 1078 392 τέ
1095 366 1163 399 ἐστι,
1177 363 1256 402 φησὶ,
1271 365 1316 392 καὶ
1332 364 1437 393 σεαυτὸν
1455 367 1598 404 ἀγνοῆσαι,
1612 366 1751 407 περισπού-

984 410 1076 438 δαστον
1089 409 1155 438 ἔστω
1175 422 1214 438 σοι
1228 414 1315 446 τοῦτο,
1327 410 1373 438 κᾶν
1391 410 1469 443 αὐτὰς
1485 411 1591 440 δυνατὸν
1607 407 1681 450 ᾗτὰς
1695 413 1750 441 δια-

985 455 1140 493 κονουμένοις
1154 460 1243 495 χεῖρας
1260 457 1356 485 λαθεῖν.
1379 458 1438 495 Οὐχ
1461 456 1494 489 ὥς
1514 456 1581 490 τινές
1602 469 1688 496 φασιν,
1711 458 1751 486 ὅτι

985 500 1043 533 τοὺς
1068 500 1173 534 σκαιοὺς
1193 502 1230 529 δεῖ
1254 500 1377 541 κρύπτειν
1393 501 1561 542 ἀνθρώπους·
1580 503 1680 536 πάντας
1699 503 1750 542 γὰρ

985 549 1093 576 ἐνταῦθα
1115 547 1249 576 λανθάνειν
1272 547 1411 576 ἐκέλευσεν.
1427 544 1494 577 Εἶτα
1507 549 1552 577 καὶ
1574 551 1587 578 ὃ
1609 549 1698 587 μισθὸς
1712 551 1752 578 ε’ν-

985 593 1075 628 νόησον
1092 593 1158 626 ὅσος.
1178 593 1287 629 Ἐπειδὴ
1309 593 1359 634 γὰρ
1382 590 1437 622 εἶπε
1452 594 1500 630 τὴν
1523 596 1617 623 ἐκεῖθεν
1633 594 1750 632 κόλασιν,

985 639 1097 668 δείκνυσι
1110 639 1154 667 καὶ
1169 639 1216 674 τὴν
1230 644 1241 655 “
1252 641 1364 669 ἐντεῦθεν
1383 639 1471 678 τιμὴν,
1486 640 1643 680 ἑκατέρωθεν
1660 640 1750 674 αὐτοὺς

983 685 1066 721 ὠθῶν,
1078 686 1122 714 καὶ
1134 687 1169 718 εἰς
1181 685 1267 725 ὑψηλὰ
1282 686 1352 725 ἄγων
1369 686 1526 725 διδάγματα.
1542 686 1594 715 Καὶ
1605 687 1656 727 γὰρ
1667 687 1750 716 πείθει

984 731 1091 766 εἰδέναι,
1112 731 1151 760 ὅτι
1167 736 1302 771 πανταχοῦ
1322 732 1447 771 πάρεστιν
1465 734 1477 760 ὁ
1498 732 1581 768 Θεὸς,
1601 732 1646 761 καὶ
1661 732 1700 762 ὅτι
1720 734 1750 762 οὗ

985 777 1062 817 μέχρι
1078 781 1123 806 τοῦ
1143 777 1271 818 παρόντος
1296 777 1352 815 βίου
1372 777 1466 812 ἕστηκε
1481 777 1514 806 τὰ
1535 778 1666 818 ἡμέτερα,
1682 778 1750 808 ἀλλὰ

983 823 1027 850 καὶ
1039 822 1214 863 εροὲερώτερον
1225 826 1295 862 ἡμᾶς
1309 825 1420 852 ἐντεῦθεν
1433 822 1562 856 ἐκδέξεται
1573 824 1750 864 δικαστήριον,

983 867 1027 896 καὶ
1040 870 1066 897 αἱ
1076 871 1127 897 τῶν
1138 868 1329 907 πεπραγμένων
1344 871 1445 898 εὖθῦναι
1459 869 1590 905 ἁπάντων,
1603 870 1648 898 καὶ
1660 870 1750 908 τιμαὶ,

983 915 1027 942 καὶ
1045 915 1178 950 κολάσεις,
1194 915 1239 943 καὶ
1254 914 1294 944 ὅτι
1313 914 1392 950 οὐδὲν,
1409 917 1437 944 οὐ
1453 915 1554 955 μικρὸν,
1571 917 1599 944 οὗ
1621 915 1688 955 μέγα
1710 928 1750 949 τις

983 963 1063 989 ποιῶν
1083 960 1207 997 λήσεται,
1222 960 1269 989 κᾶν
1285 960 1344 999 δόξῃ
1361 961 1419 994 τοὺς
1436 960 1585 1001 ἀνθρώπους
1603 961 1750 990 λανθάνειν.

983 1007 1075 1037 Ταῦτα
1088 1006 1138 1046 γὰρ
1153 1007 1256 1035 ἅπαντα
1272 1007 1377 1045 ᾐνίξατο
1393 1006 1471 1035 εἰπών
1482 1019 1488 1024 ·
1503 1006 1536 1036 Ὁ
1552 1007 1647 1047 Πατήρ
1664 1019 1722 1043 σου,
1736 1009 1750 1036 ὁ

982 1052 1086 1090 βλέπων
1102 1055 1127 1082 ἐν
1142 1055 1179 1092 τῷ
1196 1055 1318 1092 κρυπτῷ,
1332 1052 1461 1082 ἀποδώσει
1479 1065 1518 1082 σοι
1533 1054 1558 1082 ἐν
1574 1055 1613 1092 τῷ
1627 1055 1729 1093 φανερῷ
1742 1065 1748 1071 ·

983 1098 1050 1137 μέγα
1061 1098 1106 1126 καὶ
1117 1098 1209 1136 σεμνὸν
1225 1099 1295 1138 αὐτῷ
1310 1098 1421 1131 καθίζων
1434 1098 1550 1138 θέατρον,
1561 1098 1606 1127 καὶ
1619 1098 1683 1138 ὅπερ
1695 1100 1748 1128 ἐπι-

982 1146 1057 1182 θυμεῖ
1065 1167 1072 1179 ,
1084 1147 1158 1173 τοῦτο
1170 1143 1236 1182 μετὰ
1246 1145 1344 1179 πολλῆς
1359 1145 1429 1183 αὐτῷ
1440 1142 1523 1177 διδοὺς
1532 1146 1579 1179 τῆς
1589 1144 1748 1184 περιουσίας.

981 1189 1017 1217 Τί
1034 1189 1084 1230 γὰρ
1097 1189 1199 1228 βούλει;
1215 1189 1292 1228 φησίν
1305 1201 1311 1207 ·
1328 1189 1385 1228 οὐχὶ
1400 1188 1411 1204 ¹³
1423 1189 1515 1222 θεατὰς
1529 1189 1596 1228 ἔχειν
1612 1191 1664 1218 τῶν
1680 1201 1748 1229 γινο·

982 1236 1065 1274 μένων
1088 1236 1177 1272 τινάς,
1199 1235 1265 1265 Ἰδοὺ
1290 1235 1373 1264 τοίνυν
1390 1235 1471 1275 ἔχεις,
1487 1235 1544 1275 οὐχὶ
1565 1235 1688 1275 ἀγγέλους
1703 1235 1748 1265 καὶ

981 1282 1157 1321 ἀρχαγγέλους
1165 1304 1173 1318 ,
1187 1281 1254 1310 ἀλλὰ
1267 1282 1310 1310 τὸν
1325 1284 1376 1310 τῶν
1391 1281 1457 1311 ὅλων
1468 1281 1535 1311 Θεόν
1547 1293 1553 1299 ·
1568 1283 1590 1310 εἷ
1607 1281 1634 1311 δὲ
1649 1281 1694 1310 καὶ
1705 1284 1748 1311 ἀν-

981 1327 1096 1368 θρώπους
1117 1330 1249 1366 ἐπιθυμεῖς
1275 1327 1343 1366 ἔχειν
1369 1327 1494 1368 θεωροὺς,
1519 1327 1576 1356 οὐδὲ
1597 1327 1695 1363 ταύτης
1719 1340 1748 1357 σε

980 1375 1117 1414 ἀποστερεῖ
1126 1376 1172 1408 τῆς
1184 1373 1322 1411 ἐπιθυμίας
1341 1375 1424 1413 καιρῷ
1441 1375 1478 1412 τῷ
1493 1372 1666 1413 προσήκοντι,
1680 1373 1747 1402 ἀλλὰ

978 1419 1023 1447 καὶ
1045 1419 1112 1457 μετὰ
1127 1419 1244 1452 πλείονός
1262 1431 1302 1448 σοι
1317 1420 1378 1448 αὐτὸ
1400 1419 1511 1459 παρέχει
1525 1420 1572 1453 τ’ῆς
1591 1419 1746 1459 ὑπερὸολῆς.

978 1466 1031 1494 Νῦν
1055 1464 1102 1503 μὲν
1129 1465 1179 1504 γὰρ
1199 1464 1229 1493 ἂν
1250 1464 1377 1504 ἐπιδείξῃ,
1394 1465 1470 1500 δέκα,
1487 1464 1532 1493 καὶ
1548 1464 1653 1502 εἴκοσιν,
1668 1464 1685 1499 ἢ
1701 1465 1747 1494 καὶ

978 1510 1069 1539 ἑκατὸν
1090 1510 1235 1550 ἀνθρώποις
1254 1510 1429 1544 ἐπιδείξασθαι
1442 1510 1538 1550 δυνήσῃ
1555 1510 1641 1549 μόνοις
1652 1523 1658 1529 ·
1674 1511 1703 1540 ἂν
1719 1511 1746 1541 δὲ

978 1556 1124 1596 σπουδάζῃς
1138 1560 1180 1585 νῦν
1195 1556 1340 1592 λανθάνειν,
1354 1556 1414 1585 τότε
1430 1569 1460 1586 σε
1478 1557 1552 1590 αὐτὸς
1564 1559 1577 1586 ὃ
1595 1558 1662 1591 Θεὸς
1678 1559 1745 1586 ἀνα-

978 1602 1096 1644 κηρύξει,
1110 1605 1157 1638 τῆς
1169 1602 1320 1641 οἰκουμένης
1331 1603 1463 1644 παρούσης
1476 1603 1588 1639 ἁπάσης.
1599 1602 1682 1632 εὨστε
1696 1604 1746 1642 μοί-

977 1652 1053 1679 λιστα
1065 1650 1086 1678 εἷ
1099 1648 1185 1687 βούλει
1201 1648 1352 1689 ἀνθρώπους
1363 1650 1424 1678 ἰδεῖν
1437 1661 1482 1678 σου
1492 1648 1525 1677 τὰ
1537 1648 1728 1689 κατορθώματα
1737 1672 1745 1685 ,

977 1695 1072 1736 κρύψον
1090 1695 1155 1724 αὐτὰ
1170 1698 1223 1731 νῦν,
1238 1694 1280 1723 ἵνα
1298 1695 1364 1734 μετὰ
1385 1695 1501 1729 πλείονος
1514 1698 1593 1734 τιμῆς
1606 1695 1665 1724 τότε
1679 1695 1745 1724 αὐτὰ

976 1741 1070 1774 πάντες
1089 1741 1249 1778 θεάσωνται,
1274 1745 1318 1771 τοῦ
1338 1743 1407 1771 Θεοῦ
1427 1742 1525 1782 φανερὰ
1541 1745 1685 1778 ποιοῦντος,
1699 1741 1745 1771 καὶ

976 1787 1139 1828 ἐπαίροντος,
1150 1787 1195 1816 καὶ
1211 1787 1284 1828 παρὰ
1294 1792 1373 1816 πᾶσιν
1390 1787 1618 1828 ἀνακηρύττοντος.
1631 1789 1684 1817 Νῦν
1697 1787 1743 1826 μὲν

976 1833 1026 1874 γάρ
1038 1845 1082 1862 σου
1093 1833 1138 1862 καὶ
1149 1832 1362 1872 καταγνώσονται
1374 1836 1396 1862 οἱ
1412 1835 1520 1873 ὁρῶντες
1527 1857 1535 1870 ,
1547 1835 1582 1867 ὡς
1596 1833 1726 1867 κενοδόξου
1738 1846 1744 1852 ·

976 1877 1178 1917 στεφανούμενον
1191 1878 1217 1907 δὲ
1230 1878 1325 1912 ἰδόντες
1333 1902 1340 1915 ,
1352 1881 1381 1908 οὐ
1392 1879 1468 1918 μόνον
1481 1881 1508 1908 οὗ
1518 1878 1744 1918 καταγνώσονται,

976 1924 1043 1953 ἀλλὰ
1063 1924 1108 1952 καὶ
1131 1924 1308 1962 θαυμάσονται
1324 1925 1444 1958 ἅπαντες.
1458 1923 1543 1954 εὈταν
1558 1921 1600 1954 οἶν
1623 1925 1668 1954 καὶ
1682 1929 1744 1964 ομι-

976 1970 1034 1998 σθὸν
1046 1965 1063 2008 ’ἦ
1077 1969 1175 2006 Mean,
1187 1970 1231 1998 καὶ
1244 1973 1330 2008 θαῦμα
1345 1970 1535 2010 καρπώσασθαι
1548 1972 1643 2009 μεῖζον,
1658 1971 1742 2011 ὀλίγον

976 2015 1151 2054 ἀναμείναντα
1176 2015 1278 2055 χρόνον,
1303 2016 1421 2051 ἐννόησον
1446 2016 1539 2052 ἡλίκης
1561 2017 1648 2050 ἀνοίας
1673 2019 1741 2047 ἐστὶν

976 2061 1127 2101 ἀμφοτέρων
1149 2063 1266 2090 ἐκπεσεῖν
1287 2061 1391 2097 τούτων,
1404 2062 1449 2090 καὶ
1464 2062 1536 2101 παρὰ
1554 2065 1599 2091 τοῦ
1613 2064 1682 2092 Θεοῦ
1698 2063 1741 2092 τὸν

977 2107 1066 2144 μισθὸν
1082 2105 1248 2142 ““αἰτοῦντας,
1271 2106 1315 2135 καὶ
1329 2111 1373 2135 τοῦ
1392 2109 1460 2136 Θεοῦ
1475 2109 1596 2146 ὁρῶντος,
1612 2107 1672 2141 τοὺς
1692 2111 1740 2138 ἇν-

975 2151 1092 2191 θρώπους
1103 2153 1189 2180 καλεῖν
1207 2152 1270 2192 πρὸς
1281 2151 1327 2186 τὴν
1344 2152 1463 2185 ἐπίδειξιν
1477 2155 1528 2181 τῶν
1544 2154 1694 2192 γινομένων.
1707 2156 1742 2184 Εἰ

975 2198 1024 2237 γὰρ
1039 2197 1228 2227 ἐπιδείκνυσθαι
1241 2198 1292 2233 δεῖ,
1304 2200 1341 2237 τῷ
1360 2198 1448 2238 Πατρὶ
1464 2198 1514 2238 πρὸ
1527 2199 1632 2227 πάντων
1647 2200 1742 2229 ἐπιδεί-

974 2247 1082 2272 κνυσθαι
1097 2244 1149 2283 χρή
1162 2256 1167 2260 ·
1184 2243 1228 2272 καὶ
1246 2244 1360 2281 μάλιστα
1376 2244 1436 2273 ὅταν
1452 2244 1496 2273 καὶ
1512 2248 1556 2274 τοῦ
1576 2248 1740 2285 στεφανῶσαι

976 2290 1022 2318 καὶ
1045 2294 1089 2319 τοῦ
1108 2291 1241 2327 ζημιῶσαι
1259 2289 1344 2329 κύριος
1363 2292 1375 2318 ὁ
1398 2290 1493 2330 Πατὴρ
1512 2286 1538 2329 ᾗ.
1551 2290 1644 2320 Καίτοι
1660 2293 1682 2320 εἷ
1694 2292 1738 2320 καὶ

973 2338 1054 2377 ζημία
1071 2339 1106 2376 μὴ
1123 2335 1164 2374 ἦν,
1186 2341 1231 2367 οὐκ
1249 2339 1300 2367 ἔδει
1321 2340 1350 2368 τὸ
1365 2339 1469 2379 θέατρον
1493 2343 1567 2369 τοῦτο
1580 2344 1590 2355 ‘²
1601 2341 1738 2379 ἀφιέντας,

972 2388 1180 2421 ἀνταλλάξασθαι
1194 2388 1223 2416 τὸ
1242 2391 1293 2417 τῶν
1319 2388 1471 2428 ἀνθρώπιον,
1492 2390 1534 2418 τὸν
1556 2389 1629 2425 δόξης
1649 2392 1738 2419 ἐπιθυ-

971 2443 1076 2477 μοῦντα.
1105 2439 1154 2471 Τίς
1182 2439 1232 2479 γὰρ
1258 2439 1339 2472 οὕτως
1362 2440 1464 2475 ἅθλιος,
1485 2442 1520 2473 ὡς
1542 2443 1587 2470 τοῦ
1611 2441 1737 2479 βασιλέως

1015 2525 1026 2542 ‘¹
1046 2524 1091 2548 Alii
1106 2529 1222 2555 αἰτοῦντα,
1237 2524 1277 2548 alit
1291 2529 1413 2553 αἰτοῦντας-

1014 2570 1021 2579 ·“
1040 2563 1149 2594 Quidam
1168 2568 1272 2598 sipi-ivn,
1287 2563 1326 2588 alii
1341 2568 1451 2598 ἁριὲντκς-
