1809 2901
159 173 191 193 Vt
838 169 1022 191 PRAEFATto.

162 231 303 261 Savilianae
325 230 460 261 Editionis
479 230 687 260 emendavimus.
698 230 943 269 Interpretationem
960 228 1216 267 Latinameregione
1234 230 1390 259 (ἂι-3300111111
1404 237 1549 269 posuerunt
1562 229 1637 259 illam
1652 242 1710 269 qua>

162 278 189 306 in
205 277 292 306 Editis
304 276 488 316 Chrysostomi
504 276 607 304 Latinis
625 275 731 315 jamdiu
747 275 832 314 posita
849 276 947 311 suerat;
964 285 1057 313 nempe
1071 274 1105 302 ad
1120 281 1179 302 octo
1194 274 1295 314 priores
1304 275 1429 304 homilias
1446 276 1591 305 versionem
1606 277 1711 314 Aniani,

161 324 256 353 veteris
277 323 428 362 interpretis
444 323 634 361 Chrysostomo
652 322 783 361 supparis,
799 321 831 349 ad
850 321 963 359 reliquas
985 331 1076 350 omnes
1093 321 1336 360 interpretationem
1363 322 1485 350 Latinam
1513 323 1623 361 Georgii
1645 323 1712 351 Tra-

162 371 288 410 pezuntii,
300 381 357 408 quae
369 371 425 409 jam
448 370 475 397 in
492 368 589 406 Editis,
606 376 635 397 ut
650 369 719 405 dixi,
736 369 839 397 Latinis
854 368 989 407 prioribus
1005 368 1126 396 adhibita
1148 369 1240 396 suerat.
1256 368 1348 397 Editio
1377 377 1465 398 autem
1480 370 1570 398 isthaec
1592 369 1713 398 Parisina

164 417 273 446 Morelli
296 417 417 445 nonnihil
433 416 596 445 emendatior
611 416 735 450 habetur,
751 422 775 444 et
790 416 850 454 jure
865 414 990 453 quidem;
1008 426 1068 443 nam
1084 415 1118 443 ad
1142 415 1216 443 illius
1233 415 1315 444 fidem
1329 416 1485 444 Morelliana
1504 416 1604 453 Editio,
1619 415 1712 445 saltem

163 464 234 502 quod
251 463 285 492 ad
300 465 393 492 Graeca
408 463 530 502 pertinet,
541 463 695 490 concinnata
711 462 775 498 fuit,
787 469 815 489 ut
830 472 894 489 mox
906 461 1018 489 dicetur.

205 511 298 539 Editio
313 510 432 538 Paris-ina
450 509 557 537 Claudii
581 509 696 544 Morelli,
713 519 782 536 anno
796 509 873 536 1650
895 507 965 543 data,
975 507 1110 537 saviliana
1127 514 1151 536 et
1166 508 1374 536 Commeliniana
1403 508 1512 536 inferior
1525 515 1572 545 est,
1587 507 1635 536 etsi
1658 507 1715 546 ipse

164 557 348 597 typographus
372 556 518 585 admodum
542 556 616 584 illam
644 555 807 584 commendet
831 555 857 582 in
881 555 985 583 Monito
1010 566 1065 583 suo.
1084 568 1097 581 α
1120 555 1301 594 Exemplaria,
1319 555 1414 593 inquit,
1430 555 1528 593 quibus
1542 555 1570 583 in
1592 555 1715 593 praesenti

164 619 177 631 n
200 604 323 633 Editioue
341 604 380 631 usi
390 614 491 639 sumus,
508 603 595 631 suere:
611 602 793 630 authenticum
806 600 874 629 illud
889 601 1040 639 Anglieante
1049 601 1191 637 Editionis‚
1202 612 1348 640 numquam
1363 602 1425 630 satis
1438 601 1585 637 laudatum,
1593 600 1636 629 cui
1652 600 1713 628 reli-

165 664 178 677 »
200 651 272 689 giose
293 649 453 677 adluesimus
467 649 494 677 iu
510 648 666 687 corrigendo
681 655 755 676 textu
771 648 874 683 Graeco,
888 648 984 676 notatis
1002 648 1077 687 prius
1091 658 1138 676 suo
1153 648 1302 686 quibusque
1320 648 1377 676 loeo
1399 648 1512 683 mendis,
1528 658 1586 686 quae
1599 647 1625 675 in
1645 647 1716 675 calce

166 711 178 723 1)
200 696 319 736 ejusdem
337 695 468 724 Editionis
491 702 612 723 accurate
633 701 657 722 et
682 694 796 722 fideliter
818 694 964 730 habentur;
977 695 1090 723 alterum
1106 695 1156 723 suit
1182 695 1272 723 Editio
1296 702 1427 734 postrema
1453 694 1608 723 Parisiensis
1623 693 1716 721 Latine

201 750 313 779 tantum,
324 754 338 770 a
362 743 394 770 R.
410 743 439 770 P.
456 742 586 770 Frontone
601 742 708 775 Ducaeo,
724 741 846 769 Societat.
860 742 922 770 Jesu
945 741 1092 778 Theologo,
1110 742 1246 777 recensita,
1258 748 1282 769 et
1291 741 1324 769 ad
1335 741 1405 769 idem
1417 741 1569 779 Anglicanae
1582 739 1716 767 Editionis

203 790 339 828 exemplar
354 789 496 826 recognita,
510 788 630 826 suppleta
646 794 669 815 et
685 795 818 823 correcta3
834 788 884 815 nisi
899 788 971 825 quod
986 788 1012 816 in
1032 788 1156 817 Homiliis
1171 799 1249 827 super
1264 788 1398 827 Epistolas
1414 788 1502 825 Pauli,
1517 787 1635 816 maxime
1652 797 1718 816 vero

167 851 179 864 »
201 844 345 877 postremas
360 836 393 864 ad
409 835 592 871 Timotheum,
604 834 638 862 ad
663 835 767 871 Titum,
782 835 817 862 ad
834 835 1024 871 Philemonem,
1037 842 1061 864 et
1083 846 1141 864 eam
1167 846 1226 873 quae
1251 842 1289 863 est
1302 835 1336 863 ad
1360 835 1495 871 Hebraeos,
1505 845 1586 873 quam
1598 833 1715 873 plurima

168 898 180 911 »
203 885 229 912 iu
246 883 364 911 versione
380 883 471 910 Latina
500 881 565 909 loeis
580 892 645 920 pene
664 881 810 909 innumeris
824 881 941 916 deerant,
956 893 1015 919 quae
1031 893 1063 910 ex
1084 882 1136 910 fide
1162 881 1281 920 ejusdem
1294 882 1454 921 exemplaris
1467 881 1554 910 Graeei
1581 880 1716 919 supplevi-

168 945 180 957 »
204 941 271 958 mus.
284 942 296 955 »
324 929 403 967 Atqui
419 928 491 966 quod
505 928 541 956 ait
554 928 599 956 ille
614 939 641 955 se
654 928 800 966 Anglieano
821 928 975 967 exemplari,
988 929 1043 957 sive
1064 929 1212 963 Saviliano,
1224 929 1346 967 religiose
1357 929 1508 963 adhassisse,
1520 928 1619 956 mirum
1633 937 1717 965 quan-

165 985 221 1006 tum
236 988 251 1003 a
266 987 327 1004 vero
338 975 441 1002 aberrat
457 987 462 1002 :
475 986 536 1002 nam
558 975 592 1002 ab
612 974 657 1002 illo
679 975 823 1013 saepissime
842 975 878 1002 ita
899 975 1027 1009 dissonat,
1043 976 1160 1003 maxime
1174 986 1235 1003 vero
1248 975 1410 1013 quibusdam
1425 976 1451 1003 in
1473 975 1548 1011 loeis,
1559 981 1583 1002 et
1607 973 1717 1012 quidem

166 1030 204 1051 sat
228 1022 418 1060 stt-fluentibus,
428 1029 457 1049 111
470 1022 581 1061 planum
596 1022 629 1049 sit
648 1021 725 1049 illum
738 1032 752 1049 a
766 1022 854 1049 labore
869 1022 924 1049 hare
951 1021 1006 1049 duo
1022 1022 1185 1061 exemplaria
1201 1022 1350 1051 confercndi
1365 1023 1407 1051 vel
1433 1022 1550 1057 omnino,
1563 1021 1605 1049 vel
1623 1021 1717 1049 saltem

165 1070 320 1109 plerumque
342 1068 509 1096 abstinuisse.
526 1069 637 1096 Prorsus
661 1075 750 1096 autem
779 1075 923 1097 consonant
940 1069 1033 1096 Graeca
1051 1069 1158 1097 Morclli
1183 1079 1242 1097 eum
1270 1069 1372 1097 Graeeis
1386 1067 1612 1103 Commelinianis,
1638 1067 1673 1095 ita
1689 1073 1718 1095 ut

164 1118 243 1145 etiam
255 1126 331 1145 voces
341 1126 439 1151 omnes,
449 1126 507 1153 quze
522 1116 625 1143 uncinis
640 1115 816 1144 includuntur
828 1115 854 1143 111
864 1116 1075 1143 Commeliniana
1092 1115 1225 1149 Editione‚
1235 1115 1262 1144 id
1276 1115 1348 1153 quod
1360 1116 1459 1154 passim
1469 1115 1594 1151 occurrit,
1612 1113 1717 1142 uncinis

166 1164 289 1192 similiter
302 1162 472 1190 includantur
484 1163 512 1190 in
524 1162 691 1190 Morelliana.
708 1162 750 1190 Ad
763 1162 819 1190 haec
838 1172 901 1191 vero
919 1162 1036 1190 Homilia
1052 1163 1088 1190 19
1104 1163 1129 1190 in
1144 1162 1211 1190 duas
1226 1162 1359 1190 dividitur
1372 1163 1398 1190 in
1410 1161 1567 1190 Morelliana
1583 1160 1716 1197 Editione‚

165 1211 201 1238 ita
220 1217 249 1237 ut
269 1208 383 1238 secunda
398 1220 459 1248 pars
469 1209 589 1247 ejusdem
612 1209 769 1245 vigesimam
785 1209 926 1236 constituat
941 1216 1031 1236 eontra
1047 1208 1127 1237 fidem
1150 1209 1270 1237 omnium
1286 1208 1416 1237 Codicum
1438 1209 1603 1242 Graecorum,
1613 1206 1659 1244 qui
1673 1206 1718 1234 hic

167 1268 244 1285 unani
262 1263 365 1284 tautum
379 1256 524 1283 orationem
538 1256 645 1291 habent,
655 1262 683 1282 111
699 1255 779 1283 etiam
798 1255 879 1283 series
894 1255 950 1294 ipsa
967 1255 1086 1293 requirit.
1108 1255 1164 1283 Hae
1178 1262 1267 1283 autem
1283 1255 1308 1283 in
1334 1266 1361 1283 re
1380 1254 1618 1283 Commelinianam
1631 1251 1718 1290 sequi-

167 1311 211 1332 tur
231 1303 383 1331 liditionem
408 1302 556 1337 Morellus3
572 1312 624 1330 non
639 1309 728 1330 autem
744 1302 917 1335 savilianam,
933 1313 991 1340 (11111
1006 1312 1057 1330 11011
1081 1301 1148 1330 duas
1163 1302 1217 1336 hie,
1235 1302 1280 1330 sed
1302 1312 1381 1329 unam
1400 1308 1505 1329 tantum
1519 1299 1659 1328 homiliam
1671 1299 1718 1326 ha-

166 1351 220 1385 bet,
233 1357 296 1378 utet
316 1349 396 1377 series
411 1349 477 1388 ipsa,
489 1356 513 1376 et
532 1348 644 1376 Codices
659 1359 748 1376 omnes
766 1349 910 1387 postulant.
926 1348 1005 1376 Lude
1021 1348 1098 1376 facile
1112 1348 1271 1376 crediderim
1284 1358 1376 1387 operas
1392 1347 1497 1375 Morelli
1512 1345 1720 1386 typographicas

165 1397 199 1425 ad
215 1397 428 1425 Commelinianae
439 1395 571 1423 Editionis
583 1395 664 1423 fidem
676 1396 769 1424 Graeca
786 1395 969 1434 Chrysostomi
985 1394 1107 1423 edidisse.
1125 1394 1159 1423 Et
1174 1402 1261 1423 tamen
1273 1395 1345 1422 nulla
1353 1393 1569 1422 Commelinianae
1585 1390 1720 1419 Editionis

166 1444 265 1472 mentio
279 1444 392 1471 habetur
403 1443 428 1470 111
440 1442 542 1469 Monito
552 1441 668 1469 Morelli.
680 1443 720 1469 De
741 1441 842 1469 Latinis
860 1452 935 1469 secus
952 1441 1096 1469 dicendum
1111 1453 1116 1468 :
1130 1452 1190 1469 nam
1203 1452 1294 1470 revera
1309 1452 1342 1469 ex
1357 1440 1451 1468 Latina
1474 1438 1614 1467 Frontonis
1627 1437 1719 1465 Dueaei

167 758 172 770 )

168 804 173 816 i

166 1490 291 1518 Editione
305 1488 545 1527 interpretationem
561 1488 683 1515 Latinam
704 1488 799 1516 Auiani
822 1488 849 1515 iu
873 1494 931 1515 octo
943 1488 1079 1526 prioribus
1094 1488 1212 1516 homiliis
1230 1494 1384 1527 posuerunt,
1400 1494 1425 1514 et
1440 1487 1467 1514 in
1483 1485 1593 1523 reliquis
1609 1483 1719 1521 Georgii

166 1536 347 1576 Trapezuutii,
360 1542 437 1574 prout
449 1535 588 1563 exstabant
604 1534 630 1562 in
644 1534 690 1562 illa
705 1534 838 1562 Editione.
860 1534 966 1562 Etenim
982 1536 1079 1563 Fronto
1092 1536 1207 1563 Duea‘us
1223 1534 1449 1573 interpretationes
1463 1533 1523 1560 illas
1542 1530 1672 1559 sexcentis
1693 1530 1719 1558 in

167 1584 231 1611 loeis
246 1589 402 1618 mutaverat,
418 1589 446 1609 111
461 1581 556 1609 melius
571 1580 731 1618 quadrarent
743 1580 777 1608 ad
793 1582 916 1609 Graecam
928 1581 1030 1609 seriem.
1043 1582 1073 1609 111
1082 1582 1132 1610 bac
1146 1593 1224 1620 porro
1235 1581 1342 1609 Morelli
1358 1581 1481 1609 Editione
1494 1580 1587 1607 Graeca
1597 1575 1719 1614 quaedam

166 1629 307 1667 σφάλματα
322 1639 336 1655 a
352 1627 528 1666 typographis
549 1626 666 1655 admissa
680 1633 754 1663 sunt3
766 1626 812 1655 sed
826 1637 877 1655 non
892 1633 966 1655 tanto
990 1637 1117 1665 numero,
1135 1634 1165 1656 ut
1189 1627 1331 1656 conferenti
1349 1637 1410 1655 eum
1437 1625 1562 1654 Editione
1577 1622 1719 1652 Commeti-

167 1675 243 1702 niaua
254 1674 342 1713 palam
355 1673 412 1701 erit.

901 1758 920 1796 S
943 1759 977 1787 V.

666 1850 709 1876 De
721 1848 833 1876 Aniani
856 1849 1092 1886 interpretatione
1105 1850 1222 1877 Latina.

208 1941 325 1969 Anianus
335 1940 379 1967 hic
393 1939 463 1967 idem
478 1939 534 1977 ipse
549 1937 713 1966 hauddubie
724 1944 761 1965 est
777 1937 822 1975 qui
839 1937 969 1966 Homilias
991 1945 1090 1977 septem
1102 1939 1284 1978 Chrysostomi
1296 1939 1328 1968 de
1338 1940 1465 1969 laudibus
1475 1942 1502 1970 S.
1518 1942 1596 1970 Pauli
1608 1943 1721 1981 apostoli

168 1988 260 2016 Latine
274 1986 419 2019 transtulit,
429 1996 494 2024 quas
508 1985 634 2013 homilias
649 1995 700 2013 uua
712 1995 773 2012 eum
788 1985 884 2012 Auiani
900 1985 1116 2024 interpretatione
1130 1987 1226 2014 Latina
1244 1988 1276 2014 T.
1293 1990 1320 2023 9.,
1335 1999 1361 2026 p.
1377 1988 1435 2016 474
1447 1995 1471 2016 et
1492 1999 1561 2027 seqq.
1577 1989 1719 2019 edidimus.

168 2035 222 2061 ber
231 2033 386 2060 dubitamus
400 2032 471 2059 hune
483 2031 616 2058 41111111111111
631 2029 800 2058 Celedeusem
813 2030 889 2057 illum
900 2041 954 2058 esse
968 2030 1109 2059 diaconum
1130 2032 1301 2070 PelagIauum
1318 2056 1324 2069 ,
1340 2034 1386 2071 qui
1405 2034 1595 2074 Diospolitanae
1619 2037 1721 2075 synodo

167 2080 285 2108 interfuit
297 2102 304 2113 ,
319 2079 453 2116 librosque
467 2089 515 2117 pro
527 2077 665 2105 asserenda
681 2076 823 2114 Pelagiana
846 2077 939 2104 haeresi
954 2078 1060 2118 scripsit
1076 2101 1082 2113 ,
1109 2085 1138 2106 ut
1162 2079 1285 2117 probavit
1300 2082 1413 2109 Joannes
1438 2083 1584 2111 Garnerius
1609 2083 1720 2112 Dissert.

169 2134 227 2165 post
237 2126 353 2154 Marium
367 2126 543 2153 Mercatorem
559 2125 622 2163 (lap.
640 2125 666 2159 7,
685 2124 743 2152 ΥΠ.
760 2124 829 2151 Sane
847 2134 880 2151 ex
897 2123 976 2152 dietis
991 2125 1048 2163 ejus
1062 2125 1145 2163 liquet
1160 2126 1237 2154 illum
1252 2127 1285 2155 ad
1300 2127 1426 2156 tuendam
1441 2128 1557 2157 hominis
1573 2130 1721 2159 libertatem

169 2181 273 2201 strenue
287 2172 486 2205 concertavisse,
500 2178 524 2199 et
541 2171 720 2207 Augustinum
734 2171 936 2209 Catholieosque
950 2171 1156 2210 impugnavisse,
1172 2184 1238 2211 quos
1253 2174 1297 2202 ille
1309 2175 1471 2204 manichaeos
1493 2183 1518 2204 et
1539 2177 1722 2206 'fradui-iano»

169 2221 284 2259 appellat
296 2220 321 2247 in
338 2219 458 2258 Epistola
471 2229 517 2246 sua
532 2217 565 2245 ad
580 2217 747 2255 Evangelum
762 2240 769 2253 ,
780 2229 860 2255 quam
873 2218 996 2247 Homiliis
1008 2218 1041 2246 de
1052 2219 1178 2247 laudibus
1189 2221 1266 2248 Pauli
1281 2222 1393 2260 apostoli
1413 2224 1586 2261 pra‘fiximus.
1602 2224 1722 2263 Epistola

171 2278 240 2300 vero,
251 2277 329 2304 quain
340 2276 402 2293 mox
412 2265 582 2304 proferemus,
591 2264 624 2292 ad
633 2264 775 2292 Orontium
790 2264 918 2303 dirigitur
932 2265 1085 2304 episcopum
1095 2266 1237 2304 Pelagiano
1251 2268 1331 2296 errori
1347 2268 1493 2306 addietum,
1502 2281 1583 2308 eaque
1597 2270 1630 2299 de
1645 2282 1722 2300 eausa

169 2326 183 2341 e
199 2313 260 2341 sede
277 2313 392 2351 pulsum.
408 2312 509 2349 Estque
524 2311 651 2350 prologus
665 2310 699 2339 ad
714 2311 845 2339 Homilias
860 2312 1044 2351 Chrysostomi
1058 2313 1085 2341 in
1101 2314 1256 2342 Matthaeum
1270 2315 1361 2343 Latine
1375 2316 1409 2344 ab
1423 2327 1450 2344 se
1460 2328 1606 2353 conversas,
1618 2318 1663 2346 ubi
1678 2329 1723 2347 ve—

171 2361 303 2388 hementer
319 2359 363 2386 ille
378 2359 404 2386 111
425 2358 587 2385 Manielueos
612 2360 620 2392 (
636 2357 673 2385 sie
687 2357 852 2386 orthodoxos
872 2362 969 2394 vocat)
997 2359 1141 2388 invehitur.
1158 2374 1170 2387 (ι
1183 2361 1256 2395 Quid
1278 2362 1347 2390 enim
1359 2385 1365 2397 ,
1382 2363 1466 2401 inquit
1481 2386 1488 2399 ,
1505 2364 1550 2391 ille
1564 2366 1572 2399 (
1585 2366 1699 2393 Joannes
1714 2369 1722 2400 )

175 2420 184 2431 n
207 2406 292 2444 magis
306 2404 460 2433 hominibus
470 2405 585 2432 inculcat
597 2427 604 2437 ,
616 2415 696 2442 quam
708 2412 847 2433 venturam
863 2413 962 2433 natura·
977 2417 1030 2434 suae
1046 2407 1211 2435 nobilitatem
1228 2431 1234 2443 ,
1249 2420 1307 2446 quae
1319 2409 1445 2438 adversus
1460 2410 1601 2439 Manichaei
1621 2412 1722 2440 rabiem

172 2467 184 2478 »1
206 2453 326 2481 011111111111
341 2458 408 2479 reeta
420 2451 577 2490 sapientium
594 2462 718 2479 consensu
732 2459 911 2490 concentuque
922 2452 1066 2481 laudatur?
1083 2454 1219 2483 Laudatur
1234 2463 1321 2484 autem
1337 2457 1378 2485 vel
1394 2457 1419 2484 in
1435 2457 1601 2485 admirabilis
1609 2458 1723 2496 gloriam

178 2514 183 2524 1
207 2499 366 2531 Conditoris,
376 2498 416 2526 vot
432 2499 465 2525 ob
478 2498 632 2526 comitanda
658 2498 745 2526 studia
756 2499 874 2535 virtutis,
891 2500 931 2527 vel
946 2499 979 2527 ad
995 2501 1148 2538 castiganda
1168 2503 1233 2530 vitia
1248 2504 1401 2542 voluptatis.
1418 2503 1500 2541 Quid,
1515 2504 1623 2542 inquam
1633 2527 1640 2540 ,
1651 2516 1723 2543 pres-

179 2561 183 2569 »
206 2547 259 2574 sius
275 2546 320 2573 ille
335 2544 514 2574 commendat,
531 2556 608 2581 quam
622 2545 743 2582 ingenitae
765 2545 841 2574 nobis
865 2556 878 2573 a
895 2547 950 2574 Deo
963 2546 1094 2575 libertatis
1110 2548 1190 2577 det-us
1204 2572 1210 2581 ,
1237 2550 1312 2588 eujus
1324 2551 1450 2579 confessio
1466 2551 1629 2590 praecipuum
1656 2551 1724 2579 inter
