1876 2926
623 233 654 255 {N
683 230 873 254 MATTHAEUM
900 229 1017 252 HOMtL.
1049 229 1095 251 Vt.

76 300 140 339 πρὸς
146 299 180 328 τὰ
189 297 352 336 πνευματικὰ
361 297 408 331 τῆς
418 295 543 335 πονηρίας
550 298 566 330 ἠ
579 294 663 334 μάχη,
671 294 735 334 πρὸς
741 293 787 326 τὰς
798 295 843 333 ἀρ-

75 346 135 385 χὰς,
147 345 210 385 πρὸς
219 344 266 377 τὰς
278 343 392 377 ἐξουσίας
402 345 415 372 ὁ
425 343 537 380 πόλεμος
545 353 551 359 ·
564 341 608 370 καὶ
620 340 753 379 ἀγαπητὸν
765 351 843 368 σπου-

76 391 199 424 δάζοντας
207 394 277 428 ἡμᾶς
287 413 293 425 ‚
304 390 349 418 καὶ
364 390 491 428 νήφοντας
499 411 506 421 ,
515 388 560 416 καὶ
569 385 791 426 ὃιεγηγερμένους,
801 384 844 412 δυ-

75 440 184 472 νηθῆναι
194 437 241 471 τὴν
255 436 346 475 ἀγρίαν
360 435 480 464 ὃἐκείνων
497 434 618 473 φάλαγγα
629 434 748 470 ἐνεγκεῖν.
760 430 804 460 Ἂν
817 429 843 458 δὲ

75 484 192 521 γελῶμεν
199 482 244 510 καὶ
253 482 396 519 παίζωμεν,
405 481 449 509 καὶ
464 480 506 508 διὰ
516 479 610 510 παντὸς
622 478 787 518 ῥᾳθυμῶμεν,
798 475 843 504 καὶ

76 529 127 568 πρὸ
137 532 183 564 τῆς
194 528 326 566 συμέολῆς
336 527 386 556 ὑπὸ
401 529 447 561 τῆς
463 525 558 557 οἰκείας
569 521 786 560 καταπεσούμεθα
799 524 843 561 ῥα-

75 575 178 613 θυμίας.
199 576 239 603 Οὐ
258 574 342 602 τοίνυν
362 572 487 612 ἡμέτερον
505 572 534 600 τὸ
555 572 630 609 γελᾷν
647 569 783 604 διηνεκῶς,
798 567 843 596 καὶ

76 621 248 661 Θρύπτεσθαι,
269 620 314 648 καὶ
329 624 428 658 τρυξᾷν
438 641 445 653 ,
463 617 530 646 ἀλλὰ
545 619 596 645 τῶν
611 615 654 645 ἐπὶ
670 617 780 650 σκηνῆς,
791 616 842 642 τῶν

75 666 268 706 πορνευομένων
287 666 428 704 γυναικῶν,
450 666 500 692 τῶν
521 665 556 695 εἰς
570 665 644 691 τοῦτο
668 660 842 700 ἐξευρημένων

76 713 175 752 ἀνδρῶν
186 735 192 746 ,
204 714 255 740 τῶν
272 710 424 751 παρασίτων
435 733 442 745 ,
458 711 510 737 τῶν
530 708 661 737 κολάκων·
681 708 708 735 οὐ
727 709 777 735 τῶν
801 706 843 734 ἐπὶ

75 758 118 787 τὀν
139 758 244 797 οὖρανὸν
257 756 439 794 κεκλημένων,
456 757 483 783 οὐ
502 756 553 782 τῶν
574 755 608 786 εἷς
626 753 673 787 τὴν
691 753 744 781 ἄνω
768 751 843 780 πόλιν

76 803 308 843 ἐγγεγραμμένων,
323 804 350 831 οὐ
374 804 425 830 τῶν
445 801 514 829 ὅπλα
534 799 714 838 βασταζόντων
729 810 844 835 πνευμα-

75 850 136 879 τικὰ
145 873 152 885 ,
162 849 229 878 ἀλλὰ
239 851 290 877 τῶν
306 850 343 887 τῷ
356 846 469 886 atficta?
483 845 652 883 τελουμένων.
669 845 783 876 Ἐκεῖνος
793 844 844 883 γάρ

76 898 158 930 ἐστιν,
176 896 293 926 ἐκεῖνοςὸ
307 893 351 921 καὶ
371 892 465 931 τέχνην
486 891 515 919 τὸ
530 896 641 931 πρᾶγμα
661 890 784 924 ποιήσας,
801 889 843 918 ἵνα

73 938 133 971 τοὺς
151 938 312 979 στρατιώτας
332 940 427 976 ἑλκύσῃ
447 941 492 966 τοῦ
514 937 640 976 Χριστοῦ,
659 936 703 964 καὶ
719 935 844 973 μαλακώ-

73 997 137 1024 τερα
148 987 231 1013 αὐτῶν
243 985 338 1023 ποιήσῃ
356 987 402 1019 τῆς
413 983 557 1023 ’.τροῡυμίας
566 982 599 1011 τὰ
610 985 696 1022 νεῦρα.
709 981 760 1010 Διὰ
770 985 844 1010 τοῦτο

75 1031 120 1059 καὶ
136 1030 231 1070 θέατρα
243 1030 409 1069 ᾠκοδόμησεν
428 1032 452 1058 ἓν
474 1034 530 1062 ταῖς
552 1028 655 1063 πόλεσι,
670 1027 714 1056 καὶ
730 1026 788 1060 τοὺς
802 1039 844 1066 γε-

75 1075 232 1109 λωτοποιοὺς
250 1077 359 1109 ἐκείνους
378 1076 493 1110 ἀσκήσας
515 1074 557 1103 διὰ
576 1077 622 1109 τῆς
637 1073 740 1103 ἐκείνων
760 1074 845 1112 λύμης

438 1120 450 1136 b

77 1122 147 1151 κατὰ
159 1125 206 1157 τῆς
214 1123 313 1155 πόλεως
325 1123 428 1156 ἁπάσης
456 1122 498 1150 τὸν
507 1125 618 1149 τοιοῦτον
634 1120 726 1160 ἐγείρει
738 1119 827 1158 λοιμόν
838 1131 844 1137 ·

76 1168 94 1196 ἃ
108 1169 208 1207 φεύγειν
225 1170 238 1196 ὁ
264 1169 367 1200 Παῦλος
387 1168 518 1201 ἐκέλευσε,
538 1166 585 1201 τὴν
603 1166 778 1206 μωρολογίαν,
801 1166 845 1194 καὶ

76 1213 123 1248 τὴν
140 1214 309 1253 εὐτραπελίαν
323 1214 403 1253 φημὶ,
418 1217 499 1242 ταῦτα
517 1212 617 1241 διώκειν
630 1212 789 1241 ἀναπείθων·
801 1212 846 1240 καὶ
864 1216 882 1239 C

75 1259 106 1287 τὸ
118 1259 147 1292 δὴ
165 1258 348 1299 χαλεπώτερον
365 1259 461 1288 τούτων
483 1262 500 1293 ἡ
520 1262 564 1287 τοῦ
578 1257 689 1297 γέλω-,ὂς
702 1260 770 1287 ἐστιν
783 1257 845 1286 ὑπό-

77 1308 153 1338 Θεσις,
166 1306 248 1334 εὈταν
265 1305 311 1343 μὲν
323 1306 372 1345 γὰρ
385 1304 539 1343 βλασφημεῖν
551 1317 575 1332 τι
590 1304 696 1333 εἴπωσιν
708 1302 724 1337 ἢ
737 1303 844 1342 αἰσχρὸν

76 1353 100 1379 οἱ
114 1356 190 1389 μῐμοι
205 1352 256 1379 τῶν
269 1351 376 1389 γελοίων
394 1351 511 1385 ἐκείνων,
523 1350 581 1378 τότε
596 1349 688 1378 πολλοὶ
705 1351 755 1377 τῶν
767 1351 844 1384 ἀνοη-

74 1397 186 1436 τοτέρων
202 1398 297 1435 γελῶσι
312 1396 356 1425 καὶ
373 1396 524 1436 τέρπονται,
539 1395 603 1435 ὑπὲρ
617 1390 651 1423 ὧν
667 1394 759 1427 αὐτοὺς
771 1394 844 1423 λιθά-

76 1444 127 1475 ζειν
139 1445 232 1482 ἐχρῆν,
248 1442 312 1482 ὑπὲρ
328 1442 425 1471 τούτων
437 1446 600 1482 κροτοῦντες,
617 1441 661 1470 καὶ
675 1441 721 1475 τὴν
733 1441 842 1479 κάμινον

1571 216 1635 251 115

899 301 999 330 pugna,
1011 289 1139 319 adversus
1151 289 1316 329 principatus
1327 294 1352 316 et
1365 294 1507 327 potestates
1514 288 1617 317 bellum
1629 301 1634 316 :

896 343 977 375 atque
994 336 1097 364 utinam
1114 335 1258 373 diligenter
1269 341 1384 373 agentes,
1399 334 1495 372 vigiles
1509 341 1534 362 et
1549 335 1635 362 conei-

897 383 954 418 tati,
969 383 1101 422 possimus
1116 382 1167 410 1100
1179 382 1265 410 serum
1277 392 1371 420 agmen
1383 381 1519 409 sustinere.
1533 381 1562 409 Si
1574 381 1636 409 v'ero

896 428 1031 457 rideamus
1045 435 1069 456 et
1087 427 1221 464 ludamus,
1234 438 1265 455 ac
1280 438 1384 466 semper
1398 426 1519 455 socordes
1535 426 1618 454 simus
1629 449 1636 461 ,

896 474 975 503 etiam
989 481 1049 502 ante
1072 474 1225 502 conflictum
1239 484 1274 501 ex
1292 473 1400 512 propria
1415 472 1526 511 segnitie
1549 471 1636 500 conci-

896 520 999 550 demus.
1014 521 1073 549 Non
1096 527 1217 549 nostrum
1233 520 1322 558 itaque
1338 526 1376 547 est
1399 526 1526 558 perpetuo
1541 518 1636 556 ridere,

896 566 1017 595 deliciari
1026 574 1051 595 et
1066 566 1222 603 convivari3
1237 565 1284 594 sed
1296 576 1388 594 00111111
1403 565 1449 603 qui
1465 565 1491 593 in
1506 575 1581 593 scena
1597 564 1637 592 lu-

897 612 973 649 dunt,
988 613 1166 649 meretricum,
1176 612 1298 643 virorum
1309 612 1356 650 qui
1368 611 1402 639 ad
1412 611 1475 639 talia
1490 618 1551 639 sunt
1561 611 1637 639 ador-

898 659 970 695 nati,
985 660 1179 698 parasitorum,
1200 659 1371 687 adulatorum
1385 670 1391 686 ε
1411 669 1462 686 11011
1489 665 1579 686 autem
1594 669 1637 687 eo-

898 717 959 734 rum
978 707 1025 744 qui
1040 707 1073 735 ad
1089 707 1182 736 01111111
1206 707 1293 736 vocati
1309 713 1369 734 sunt
1380 728 1387 742 ,
1404 716 1455 734 11011
1477 716 1568 734 00111111
1590 706 1636 743 (1111

897 751 924 780 in
937 763 1050 792 superna
1062 753 1171 781 civitate
1185 759 1246 781 sunt
1257 752 1393 791 descripti,
1411 762 1462 780 11011
1484 761 1576 780 00111111
1591 751 1637 789 qui

898 799 979 827 armis
993 799 1179 838 spiritualibus
1201 806 1262 827 sunt
1274 798 1406 835 instructi,
1419 798 1465 827 sed
1479 809 1570 826 eorum
1592 798 1637 836 qui

897 845 1005 873 diabolo
1016 852 1077 873 sunt
1093 845 1198 873 initiati.
1215 845 1263 874 Ille
1275 856 1390 883 namque
1403 852 1450 881 est,
1466 845 1511 873 ille
1527 844 1572 883 qui
1588 844 1638 872 hac

898 898 968 925 arte,
979 891 1030 920 hoc
1046 902 1123 931 opere
1138 899 1247 920 conatur
1265 892 1364 920 Christi
1377 891 1475 919 milites
1489 891 1637 925 attrahere,

899 937 1060 976 illorumque
1082 938 1163 966 animi
1188 938 1321 966 molliores
1336 948 1430 966 nervos
1448 937 1560 965 efficere.
1576 937 1640 966 Ideo

899 983 1001 1011 theatra
1012 984 1038 1011 in
1049 984 1162 1012 urbibus
1171 984 1278 1020 struxit,
1290 991 1314 1012 et
1324 984 1419 1012 mimos
1430 983 1490 1011 illos
1500 994 1623 1012 exercens
1631 1006 1639 1020 ,

899 1029 1008 1057 illorum
1018 1040 1096 1068 opera
1108 1037 1197 1058 contra
1208 1036 1290 1057 totam
1310 1029 1445 1058 civitatem
1457 1030 1525 1058 hane
1540 1037 1639 1069 pestem

899 1075 997 1103 excitat
1012 1087 1018 1102 :
1032 1086 1112 1113 quam
1124 1075 1214 1114 fugere
1228 1075 1327 1103 Paulus
1339 1076 1428 1114 jussit,
1441 1076 1638 1114 stultiloquium
1651 1074 1788 1106 ΕιιΙιθει5-4·

900 1131 994 1160 nempe
1002 1127 1026 1149 et
1034 1121 1222 1149 scurrilitatem
1232 1133 1239 1158 ;
1248 1132 1306 1160 quae
1315 1128 1403 1149 autem
1414 1121 1509 1149 hortun
1519 1122 1639 1150 omnium

901 1167 1058 1205 gravissima
1079 1167 1148 1195 risus
1169 1167 1241 1195 illius
1254 1167 1357 1195 occasio
1373 1174 1419 1195 est.
1435 1167 1549 1201 Quando
1561 1167 1639 1205 quid-

900 1214 974 1253 piam
994 1220 1040 1242 aut
1064 1213 1251 1252 blasphemum
1266 1220 1311 1241 aut
1332 1220 1410 1252 turpe
1428 1214 1497 1242 inter
1524 1213 1638 1241 ridirula

901 1259 976 1287 mimi
990 1259 1125 1295 dixerint,
1145 1266 1208 1287 tunc
1229 1269 1263 1287 ex
1278 1259 1505 1298 insipientioribus
1528 1260 1637 1298 quidam

900 1305 987 1333 rident
1001 1312 1025 1334 et
1039 1306 1178 1341 laetantur3
1194 1315 1256 1333 011111
1270 1305 1406 1344 lapidibus
1420 1306 1490 1345 ipsos
1512 1305 1639 1345 impetere

899 1358 1038 1390 oporteret,
1062 1351 1192 1390 plaudunt
1204 1351 1244 1379 illi
1259 1351 1396 1390 superbis,
1411 1358 1436 1380 et
1446 1362 1492 1391 per
1506 1351 1575 1380 lianc
1591 1364 1638 1381 vo—

898 1397 1028 1437 luptatem
1044 1398 1178 1426 caminum
1189 1397 1258 1436 ignis
1274 1404 1363 1426 contra
1374 1405 1453 1437 caput
1468 1409 1547 1426 stuun
1556 1406 1636 1427 attra-

898 1444 974 1472 hunt.
990 1445 1059 1472 Nam
1080 1444 1127 1482 qui
1140 1444 1204 1472 talia
1218 1443 1335 1472 dicentes
1353 1443 1471 1479 laudant,
1484 1444 1501 1472 ii
1518 1452 1577 1473 sunt
1590 1445 1635 1484 qui

76 1492 120 1518 τοῦ
138 1489 216 1528 πυρὸς
233 1489 276 1517 διὰ
296 1491 342 1523 ‘fii-2
358 1489 451 1523 ἢῧθνῆξ
472 1488 567 1523 Ταύτης
591 1487 659 1516 κατὰ
678 1489 725 1521 Τῆς
744 1489 841 1515 ἑαυτῶν
898 1490 1015 1518 maxime
1025 1489 1052 1518 id
1061 1489 1149 1518 dicere
1163 1489 1273 1518 suadent
1287 1489 1415 1528 :ideoque
1427 1491 1559 1529 supplicio
1572 1491 1636 1519 huic
1703 1500 1784 1521 Contra

897 1536 1007 1564 facinori
1031 1536 1122 1564 debito
1137 1535 1285 1574 justissime
1304 1535 1415 1564 obnoxii
1428 1544 1513 1564 erunt.
1528 1536 1635 1565 Etenim
1646 1530 1727 1582 2¹¹¹ngAE
1735 1539 1785 1559 ⁵1³⁰-

896 1582 917 1610 si
941 1582 1031 1610 nullus
1054 1588 1120 1610 esset
1134 1588 1274 1620 spectator,
1288 1581 1378 1609 nullus
1392 1581 1509 1620 prodiret
1524 1582 1632 1611 histrio:

76 1535 193 1568 ἔλα-οντες
211 1537 333 1574 κεφαλῆς.
344 1537 379 1563 Οἱ
393 1534 443 1574 γὰρ
453 1536 613 1566 ἐπαινοῦντες
622 1532 681 1566 τοὺς
690 1532 724 1561 τὰ
735 1536 842 1561 τοιαῦτα

75 1584 197 1623 λέγοντας
206 1607 213 1620 ,
231 1579 299 1613 οὗτοι
315 1584 429 1622 μάλιστά
442 1585 504 1612 εἰσιν
515 1585 538 1612 οἱ
548 1583 630 1621 λέγειν
647 1582 824 1614 ἀναπείθοντες
836 1593 841 1599 ’

110 1681 120 1691 ³
139 1673 183 1697 Alii
197 1678 285 1701 ἐκείνην.
916 1672 928 1690 b
947 1670 992 1695 Alii
1005 1676 1043 1697 τὶν
1056 1676 1155 1698 τοιοῦτον
1167 1675 1279 1700 ἐνσκήπτει
1291 1675 1374 1704 >aguam

3 1773 5 1787 ¹
628 1770 753 1799 ANIANI
774 1769 1087 1799 INTERPRETATIO.

77 1864 202 1897 virtutes,
217 1862 344 1891 adversus
363 1861 511 1901 spiritualia
542 1861 673 1899 nequitur,
699 1867 724 1888 et
749 1867 840 1888 contra
866 1860 1022 1900 hujusmodi
1047 1861 1213 1902 principatus
1240 1871 1265 1892 et
1291 1871 1429 1903 potestates
1456 1868 1630 1905 pugnandum

77 1918 115 1939 cst
131 1923 136 1938 :
152 1911 270 1948 beneque
294 1909 431 1938 nobiscum
455 1909 558 1947 agitur,
574 1909 595 1937 si
618 1915 753 1936 strenuam
775 1918 883 1947 operam
909 1915 1043 1946 navantes,
1060 1916 1085 1938 et
1109 1910 1197 1939 sobrie
1219 1911 1351 1950 viventes,
1366 1920 1391 1941 et
1417 1914 1557 1953 vigilantes
1571 1928 1631 1956 pos-

77 1967 169 1985 sumus
193 1958 278 1984 serum
309 1956 426 1995 ipsorum
451 1966 545 1994 agmen
570 1955 707 1983 sustinere.
730 1954 811 1989 Quod
835 1955 857 1983 si
880 1965 944 1984 vero
967 1955 1102 1984 rideamus
1126 1963 1205 1995 atque
1232 1956 1366 1995 ludamus,
1380 1960 1473 1998 jugem
1500 1961 1631 1993 desidiam

76 2003 251 2037 confoventes,
264 2003 391 2031 facillime
410 2009 470 2030 ante
492 2012 609 2041 pugnam
630 2013 734 2040 quoque
756 2001 865 2041 proprio
887 2008 993 2041 torpore
1018 2003 1164 2032 vincemur.
1180 2004 1240 2033 Non
1255 2011 1293 2033 est
1308 2013 1427 2035 nostrum
1448 2018 1510 2047 crgo
1525 2010 1631 2040 assidue

75 2049 171 2085 ridere,
187 2050 282 2079 resolvi
297 2050 443 2083 cachinnis,
455 2049 555 2078 molliri
574 2049 680 2077 deliciis
693 2061 698 2076 :
715 2049 759 2077 sed
772 2060 864 2078 eorum
877 2049 974 2089 potius,
987 2057 1012 2079 et
1023 2062 1113 2079 carum
1127 2062 1185 2089 quae
1197 2059 1348 2091 spectantur
1358 2053 1385 2082 in
1401 2054 1519 2092 theatris,
1530 2068 1590 2095 quae
1603 2059 1629 2088 in

76 2097 250 2136 lupanaribus
264 2098 452 2136 inquinantur,
469 2108 560 2125 eorum
579 2097 625 2135 qui
647 2096 681 2125 ad
697 2097 747 2125 hoc
766 2104 827 2125 sunt
849 2097 910 2126 sacti
931 2098 1108 2137 parasitorum
1132 2106 1156 2127 et
1181 2099 1361 2129 adulatorum.
1374 2102 1433 2130 Non
1449 2110 1495 2138 cst,
1511 2104 1629 2144 inquam,

77 2143 126 2172 hoc
141 2155 231 2173 eorum
242 2146 287 2183 qui
300 2145 332 2173 ad
348 2152 476 2173 arternum
492 2155 603 2182 regnum
620 2144 707 2172 vocati
728 2144 904 2182 sunt,quique
920 2144 945 2173 in
963 2145 1059 2173 ctrlcsti
1077 2145 1123 2174 illa
1138 2146 1245 2175 civitate
1262 2148 1413 2187 conscripti,
1427 2160 1478 2178 nou
1497 2158 1533 2179 cst
1551 2153 1629 2192 spiri-

76 2191 157 2220 tualia
172 2202 243 2219 arma
263 2192 421 2229 gestantium
438 2204 443 2219 :
461 2191 533 2230 quod
552 2198 621 2220 certe
635 2192 774 2231 proprium
794 2198 832 2220 cst
848 2191 956 2221 diabolo
976 2193 1158 2221 militantium.
1175 2194 1223 2223 Ille
1237 2195 1307 2223 enim
1323 2202 1373 2232 cst,
1389 2196 1434 2225 ille
1447 2198 1492 2236 qui
1507 2200 1587 2229 ctiam
1603 2202 1628 2230 in

75 2245 159 2266 artem
180 2239 254 2276 jocos
266 2238 394 2277 ludosaepie
407 2239 525 2276 digessit,
538 2246 566 2267 ut
581 2250 627 2278 per
644 2239 698 2267 11ωο
712 2239 746 2267 ad
759 2250 786 2267 se
797 2239 913 2267 traheret
929 2240 1026 2269 milites
1039 2241 1149 2277 Christi,
1165 2241 1325 2281 virtutisque
1339 2254 1430 2272 corum
1447 2255 1541 2275 nervos
1560 2249 1629 2278 sace-

76 2292 114 2314 rct
129 2285 269 2313 molliores.
283 2287 421 2325 Propterea
436 2286 463 2314 in
479 2286 591 2315 urbibus
605 2287 683 2315 ctiam
697 2286 799 2315 theatra
815 2287 973 2324 construxit,
986 2295 1010 2316 et
1025 2288 1084 2316 illos
1099 2289 1201 2317 risuum
1216 2300 1246 2318 ac
1260 2291 1379 2329 turpium
1402 2292 1571 2332 voluptatum
1590 2296 1629 2325 in-

75 2339 190 2361 centores
202 2333 315 2372 paravit,
328 2340 352 2361 et
369 2344 414 2372 per
434 2334 541 2362 illorum
557 2334 629 2362 luem
644 2335 669 2362 in
686 2334 837 2363 universam
858 2334 951 2363 urbem
966 2335 1044 2364 talem
1060 2336 1158 2364 excitat
1170 2329 1278 2376 pest-ein.
1291 2338 1357 2372 Qum
1373 2350 1419 2367 nos
1431 2340 1522 2379 sugere
1537 2342 1629 2373 beatus

76 2380 195 2419 przeeipit
212 2380 319 2415 Paulus,
335 2380 447 2408 suadens
461 2388 489 2408 ut
505 2388 529 2409 et
548 2381 700 2419 stultitiam,
714 2388 740 2410 et
754 2382 943 2411 scurrilitatem
957 2393 972 2411 a
987 2383 1064 2412 nobis
1078 2383 1184 2422 longius
1200 2385 1359 2424 repellamus
1375 2398 1380 2414 ε
1395 2398 1429 2415 cx
1444 2388 1542 2426 quibus
1559 2390 1629 2420 risus
1639 2397 1738 2427 Ephes.5
1756 2400 1779 2426 (0.

76 2427 160 2455 multo
175 2427 344 2466 perniciosior
357 2435 407 2464 est,
423 2428 558 2466 multoque
571 2428 694 2457 deterior.
712 2429 826 2464 Quando
841 2430 912 2458 enim
932 2430 1007 2459 mimi
1029 2430 1068 2459 illi
1084 2438 1164 2469 atque
1183 2431 1290 2461 ridiculi
1307 2433 1495 2473 blasphemum
1510 2448 1540 2465 ac
1554 2445 1630 2478 turpe.

75 2473 139 2511 quid
153 2473 288 2510 dixerunt,
299 2482 361 2503 111110
374 2475 541 2514 potissimum
556 2476 655 2514 quique
675 2476 824 2506 stolidiores
843 2478 984 2506 solvuntur
996 2478 1021 2506 in
1039 2479 1123 2507 risum
1137 2479 1216 2507 :inde
1239 2480 1431 2519 applaudentes
1452 2484 1546 2521 magis,
1561 2485 1630 2514 unde

76 2520 154 2549 ctiam
170 2521 228 2550 illos
238 2521 373 2561 lapidibus
384 2523 519 2561 exagitare
531 2523 685 2559 debuerant,
695 2524 740 2562 qui
755 2525 887 2553 fornacem
903 2525 973 2563 ignis
987 2525 1125 2555 horribilis
1141 2537 1174 2555 ex
1188 2527 1343 2566 hujusmodi
1358 2529 1494 2569 voluptate
1509 2531 1534 2559 in
1551 2543 1628 2562 suum

78 2567 195 2607 ipsorum
210 2576 289 2608 caput
303 2570 475 2598 succendunt.
489 2571 542 2606 Qui
559 2571 629 2599 enim
649 2571 758 2600 laudant
772 2572 822 2601 ista
834 2572 960 2609 dicentes,
972 2573 1022 2613 ipsi
1037 2573 1075 2602 eis
1090 2573 1147 2602 hiec
1167 2585 1287 2604 exercere
1311 2577 1480 2615 persuadent,
1493 2585 1518 2607 et
1532 2578 1631 2609 idcirco

79 2614 129 2654 ipsi
142 2615 230 2655 potius
241 2624 348 2656 propter
359 2617 414 2646 tunc
424 2625 558 2647 merentur
570 2618 660 2647 subire
670 2618 743 2657 quod
754 2619 789 2647 ob
800 2620 849 2649 ista
860 2620 992 2650 sancitum
1003 2628 1041 2650 est
1053 2621 1225 2660 supplicium.
1238 2622 1266 2651 Si
1277 2623 1347 2652 enim
1359 2624 1448 2653 nullus
1460 2633 1526 2655 esset
1536 2627 1629 2656 talium

1440 2666 1468 2693 8.
