1866 2931
236 193 278 213 20
582 193 610 214 ς.

234 262 318 287 ream,
329 260 353 280 et
370 254 465 290 quovis
474 264 538 281 :iuro
553 254 742 293 pretiosiorem.
754 254 820 293 Ejus
833 264 895 292 ergo
909 255 969 282 fuu-

232 298 354 328 damenta
374 300 527 337 disi-amus,
547 301 604 340 ejus
627 308 716 340 portas
741 312 774 329 ex
796 302 922 340 sapphiro
946 308 970 330 et

234 344 383 381 margaritis
404 351 537 373 structas:
559 345 696 372 dti(·toi·eiii
718 345 816 384 quippe
838 346 969 384 optimum

232 389 360 418 habemus
375 391 541 419 Mattha‘um.
562 392 611 419 Per
631 391 714 430 ipsius
734 402 847 429 1131011110
864 399 968 430 portam

231 444 301 462 110110
315 435 456 472 intramus,
472 437 608 474 multoque
626 437 702 464 nobis
726 436 814 464 studio
833 444 871 464 est
892 448 967 476 opus.

230 480 299 508 Nam
313 481 334 508 si
350 482 500 520 quempiam
512 482 608 510 viderit
619 493 670 510 non
683 489 825 516 attentum,
841 483 925 520 ejiciet
935 494 969 511 ex

230 526 344 554 civitate.
361 527 407 555 Est
421 528 519 567 quippe
533 528 597 555 urbs
612 528 657 556 illa
676 530 792 556 maxime
810 528 880 564 regia
898 535 923 556 et
938 529 968 557 il-

230 571 334 607 lustris,
355 584 438 611 neque
453 581 481 601 ut
504 574 581 601 urbes
597 581 704 607 nostrae,
725 574 751 601 iu
775 574 863 602 sorum
885 582 909 603 et
928 586 967 603 10-

229 619 500 657 giamdistinguitur:
515 619 561 647 sed
576 620 612 647 1111
629 619 717 647 onmia
732 619 804 657 regia
817 627 886 648 sunt.
899 622 967 660 Ape-

229 665 329 693 riamus
352 665 442 703 itaque
461 665 555 693 mentis
574 666 685 703 januas,
704 665 854 703 aperiamus
875 677 966 700 aures,

229 717 252 738 01
270 721 330 738 eum
347 718 460 738 tremore
474 711 589 749 plurimo
602 710 695 738 limina
708 712 967 748 transgressuri,l{e-

228 767 287 792 gem
301 758 377 785 illum
388 757 545 785 adoremus:
561 768 621 784 nain
637 756 678 784 vel
695 756 798 795 primus
812 768 967 796 congressus

228 803 348 830 sectatori
371 810 496 831 terrorem
518 802 634 829 incutere
653 802 731 830 valet.
755 802 835 830 Modo
859 803 966 841 quidem

227 855 308 887 portae
334 849 389 877 istm
415 848 490 876 nubis
510 848 620 875 1100111533
639 854 699 875 sunt
719 859 725 874 :
746 848 852 885 quando
878 856 965 878 autem

226 894 289 923 istas
298 902 399 934 apertas
408 894 558 923 ridebimus
573 900 580 928 ,ζ
590 893 645 921 haec
659 900 697 921 est
708 893 778 921 enim
790 894 964 932 quaestionum

226 941 358 977 solutio),
385 948 448 968 tunc
470 940 585 968 multum
611 939 683 967 intus
706 940 836 978 fulgorem
861 942 963 981 00115111-

224 987 332 1015 01011105,
352 987 468 1026 Spiritus
491 986 560 1014 enim
585 986 668 1014 0011115
686 985 782 1014 duetus
805 986 964 1025 publicanus

225 1033 282 1068 1110,
303 1033 391 1061 omnia
415 1043 441 1061 se
463 1033 512 1060 tibi
532 1039 699 1061 ostensurum
723 1042 777 1059 esse
800 1032 961 1070 pollicetur:

225 1078 333 1107 ubinam
350 1079 406 1106 Rex
427 1078 528 1114 sedeat,
543 1078 652 1116 quinam
674 1076 707 1105 de
727 1078 904 1106 excereitibus
922 1079 961 1107 illi

223 1123 327 1158 atlsint3
343 1124 451 1151 ubinam
467 1124 519 1151 sint
532 1123 633 1161 angeli,
651 1123 697 1150 ubi
711 1123 880 1161 archangeli:
900 1125 960 1162 quis

223 1170 298 1199 novis
323 1170 397 1198 istius
419 1170 493 1198 urbis
518 1170 623 1198 civibus
649 1170 682 1197 sit
705 1170 847 1208 deputatus
868 1170 959 1206 100115;

221 1227 280 1253 111110
292 1216 325 1244 511
337 1216 380 1244 via
396 1216 464 1244 istuc
478 1216 592 1249 dueens;
608 1226 688 1254 quam
703 1222 799 1244 sortem
813 1217 960 1255 acceperint

223 1262 256 1297 ii,
273 1262 318 1300 qui
342 1269 402 1290 sunt
422 1262 539 1301 primum
554 1261 614 1290 istie
635 1261 705 1290 eires
721 1261 844 1297 admissi,
862 1269 886 1290 et
902 1270 960 1301 post

222 1309 269 1336 hos
287 1308 413 1344 secundi,
428 1318 458 1336 ac
473 1307 568 1336 deinde
589 1307 678 1336 tertii:
699 1314 761 1345 quot
777 1307 829 1335 sint
850 1307 959 1336 illorum

220 1355 321 1383 civium
341 1355 532 1392 ordines,quot
555 1359 673 1382 senatum
700 1353 872 1389 constituant,
895 1362 959 1392 quot

214 1402 380 1440 dignitatum
394 1401 557 1429 discrimina.
575 1401 614 1428 Ne
628 1400 716 1438 itaque
730 1410 791 1428 cum
807 1400 958 1429 tumultuet

219 1448 328 1486 strepitu
351 1446 545 1485 ingrediamur,
567 1445 612 1474 sed
632 1456 692 1474 cum
710 1445 815 1474 silentio
834 1447 955 1485 mystico.

219 1494 246 1521 Si
262 1494 332 1522 enim
348 1494 374 1521 in
389 1493 492 1521 theatro
507 1503 567 1520 cum
583 1502 678 1529 magno
693 1491 798 1519 silentio
812 1492 957 1530 Imperato-

219 1540 255 1568 ris
277 1540 360 1568 litei-:e
384 1539 530 1577 leguntur:
552 1537 636 1567 uiulto
659 1537 745 1575 magis
767 1537 794 1565 in
818 1537 868 1566 hac
892 1537 957 1567 urbe

253 1628 261 1636 ⁴
281 1624 326 1649 Alii
340 1632 364 1649 et
376 1625 461 1650 Morel.
477 1630 538 1653 τίνες,

638 194 718 215 tom
727 194 741 214 λ
750 193 774 215 ts
801 193 983 216 Ctttu'sosT.

1014 194 1170 216 menter.
1201 195 1461 218 (ΖΟᾸΕΤΑΥΙἹᾹΟΡ.

1027 250 1069 283 οἶν
1085 257 1163 289 αὖτῆς
1177 255 1210 284 τὰ
1225 255 1345 293 Οεμέλια,
1356 257 1402 289 τὰς
1418 257 1500 289 πύλας
1513 257 1559 289 τὰς
1582 258 1634 285 ἀπὸ
1649 258 1791 297 σαπφείρου

1027 301 1071 329 καὶ
1085 303 1252 340 μαργαριτῶν
1264 302 1431 340 συγκειμένας
1444 315 1449 320 ·
1467 302 1510 331 καὶ
1522 303 1572 342 γὰρ
1583 302 1675 341 ἔχομεν
1687 304 1790 342 ἄριστον

1026 348 1186 387 χειραγωγὸν
1201 348 1243 376 τὸν
1265 349 1407 377 Ματθαὶον.
1423 348 1474 377 Διὰ
1493 349 1543 389 γὰρ
1554 351 1600 383 τῆς
1619 351 1696 377 αὐτοῦ
1709 349 1792 384 πύλης

1027 393 1124 431 εἴσιμεν
1138 397 1190 428 ν’ῦν,
1201 394 1245 421 καὶ
1256 394 1293 421 δεῖ
1306 395 1403 428 πολλῆς
1417 396 1480 432 ἡμῖν
1490 397 1537 428 τῆς
1551 395 1671 429 σπουδῆς.
1681 394 1727 423 Ἂν
1741 394 1793 434 γὰρ

1026 438 1068 477 ἴδῃ
1090 438 1147 467 τινὰ
1169 438 1204 477 μὴ
1221 438 1395 478 προσέχοντα,
1415 439 1534 468 ἓκῧάλλει
1550 442 1596 474 τ’ῆς
1619 440 1726 472 πόλεως.
1739 440 1792 468 Καὶ

1025 485 1076 524 γάρ
1092 487 1146 513 ἐστι
1167 484 1361 523 βασιλικωτάτη
1381 488 1397 520 ἦ
1416 485 1490 518 πόλις
1504 485 1548 513 καὶ
1568 485 1711 525 περιφανής
1722 497 1728 502 ·
1745 487 1793 524 οὐχ

1025 529 1113 569 ὥσπερ
1128 532 1154 558 αἱ
1169 533 1231 569 παρ’
1247 533 1319 568 ἡμῖν,
1337 532 1371 563 εἷς
1393 530 1488 570 ἀγορὰν
1503 531 1547 559 καὶ
1565 531 1683 569 βασίλεια
1702 532 1791 571 διῃρη-

1025 577 1089 614 μένη
1103 589 1108 593 ·
1130 577 1196 605 ἀλλὰ
1211 578 1297 606 πάντα
1311 577 1430 616 βασίλεια
1447 576 1481 605 τὰ
1496 579 1556 606 ἐκεῖ.
1574 577 1789 615 Ἀναπετάσωμεν

1022 622 1105 651 τοίνυν
1129 622 1174 655 τὰς
1196 623 1278 655 πύλας
1301 625 1347 658 τῆς
1369 623 1495 658 διανοίας,
1512 623 1716 661 ἀναπετάσωμεν
1742 622 1789 658 τὴν

1023 668 1113 703 ἀκοὴν,
1130 669 1173 696 καὶ
1189 668 1254 706 μετὰ
1270 668 1361 708 φρίκης
1375 670 1473 703 πολλῆς
1497 668 1632 706 μέλλοντες
1647 668 1788 698 ἐπιὸαίνειν

1022 715 1073 740 τῶν
1084 713 1227 753 προῐὶύρ1ι1ν,
1243 714 1463 754 προσκυνήσωμεν
1477 714 1520 742 τὸν
1536 716 1561 742 ἐν
1580 715 1643 752 αὐτῇ
1660 714 1769 751 βασιλέα
1782 726 1787 732 ·

1023 759 1066 787 καὶ
1081 760 1132 797 γὰρ
1147 760 1237 793 εὐθέως
1247 763 1262 795 ἡ
1274 759 1366 799 πρώτη
1383 759 1515 800 προσέολὴ
1538 759 1704 794 καταπλῆξαι
1714 759 1788 789 δύνα-

1021 817 1064 833 ται
1084 806 1126 833 τὸν
1142 805 1243 840 θεατήν.
1264 806 1453 844 Κεκλεισμέναι
1469 805 1514 844 μὲν
1533 809 1575 834 νῦν
1595 807 1658 834 εἰσιν
1673 808 1737 844 ἡμῖν
1761 809 1787 835 αἱ

1021 850 1100 878 πύλαι
1111 863 1117 867 ·
1129 850 1190 880 ὅταν
1207 851 1233 880 δὲ
1253 851 1348 889 ἴδωμεν
1369 851 1448 884 αὑτὰς
1465 851 1686 884 ἀναπετασθείσας
1700 853 1789 890 (τοῦτο

1021 897 1070 936 γάρ
1086 899 1153 925 ἐστιν
1171 900 1187 932 ἢ
1207 899 1258 926 τῶν
1280 897 1436 935 ζητημάτων
1460 897 1532 930 λύσις
1544 898 1567 935 l,
1588 897 1647 926 τότε
1671 897 1786 937 ὀψόμεθα

1019 942 1117 977 πολλὴν
1130 943 1199 971 ἔνδον
1210 943 1256 977 τὴν
1279 942 1424 982 ἀστραπήν.
1440 943 1493 971 Καὶ
1507 942 1558 982 γὰρ
1569 947 1622 975 τοῖς
1641 946 1686 971 τοῦ
1705 943 1787 972 Πνεύ-

1021 1000 1101 1026 ματος
1110 988 1279 1026 ὁδηγούμενος
1289 989 1430 1026 ὀφθαλμοῖς
1437 1011 1443 1023 ,
1455 988 1540 1016 πάντα
1546 1000 1586 1017 σοι
1596 987 1785 1027 ἐπαγγέλλεται

1019 1033 1147 1061 δεικνύναι
1162 1036 1175 1062 ὁ
1189 1033 1301 1068 τελώνης
1314 1029 1388 1066 οἶτος
1400 1046 1406 1051 ·
1422 1037 1472 1063 ποῦ
1485 1033 1531 1072 μὲν
1546 1036 1559 1062 ὃ
1573 1033 1693 1072 βασιλεὺς
1705 1034 1786 1069 κάθη·

1018 1092 1074 1115 ται,
1086 1080 1129 1108 καὶ
1141 1081 1153 1094 *
1162 1079 1220 1108 τίνα
1232 1081 1300 1118 αὐτῷ
1310 1082 1361 1108 τῶν
1373 1080 1574 1119 στρατευμάτων
1585 1080 1767 1120 παρεστήκασι
1778 1093 1783 1098 ·

1017 1126 1062 1154 καὶ
1074 1129 1123 1154 ποῦ
1139 1125 1184 1163 μὲν
1200 1126 1317 1164 ἄγγελοι,
1332 1129 1381 1154 ποῦ
1393 1125 1419 1154 δὲ
1431 1126 1588 1165 ἀρχάγγελοι
1599 1138 1604 1143 ·
1621 1126 1666 1154 καὶ
1680 1125 1719 1158 τίς
1732 1131 1786 1159 τοῖς

1017 1170 1081 1203 νέοις
1095 1171 1213 1203 πολίταις
1234 1173 1259 1199 ἐν
1276 1173 1307 1209 τῇ
1327 1170 1401 1199 πόλει
1418 1171 1499 1209 ταύτῃ
1523 1171 1600 1204 τόπος
1621 1170 1783 1211 ἀφώρισται·

1017 1217 1060 1245 καί
1080 1216 1141 1244 ποία
1156 1219 1171 1251 ἢ
1188 1218 1239 1245 ἐκεῖ
1259 1216 1370 1255 νέρουσα
1384 1216 1440 1249 ὁδός
1450 1228 1455 1233 ·
1469 1216 1513 1244 καὶ
1529 1216 1587 1245 τίνα
1600 1216 1691 1246 ἔλαῧον
1710 1217 1783 1252 λῆξιν

1017 1265 1040 1291 οἱ
1055 1264 1156 1301 πρῶτον
1167 1263 1381 1300 πολιτευσάμενοι
1397 1264 1462 1298 ἐκεῖ,
1480 1262 1524 1291 καὶ
1543 1265 1566 1291 οἱ
1587 1264 1643 1301 μετ’
1657 1263 1783 1299 ἐκείνους,

1018 1308 1061 1337 καὶ
1080 1310 1103 1336 οἱ
1123 1308 1189 1346 μετὰ
1205 1307 1307 1340 τούτους
1319 1319 1324 1325 ·
1351 1308 1396 1336 καὶ
1422 1307 1471 1337 ὅσα
1489 1310 1540 1337 τῶν
1566 1309 1656 1346 δήμων
1678 1309 1781 1338 ἐκείνων

1016 1355 1048 1384 τὰ
1085 1355 1207 1393 τάγματα
1223 1377 1230 1389 ,
1254 1354 1298 1382 καὶ
1326 1354 1375 1382 ὅσα
1409 1357 1455 1389 τῆς
1488 1356 1580 1392 βουλῆς
1591 1377 1598 1390 ,
1623 1355 1667 1383 καὶ
1701 1355 1781 1384 πόσαι

1017 1401 1172 1439 ἀξιωμάτων
1196 1400 1325 1439 διαφοραί.
1347 1399 1392 1434 Μὴ
1411 1399 1495 1429 τοίνυν
1520 1400 1586 1438 μετὰ
1610 1400 1716 1439 θορύέου
1737 1402 1781 1430 καὶ

1015 1449 1132 1486 ταραχῆς
1145 1445 1275 1484 εἰσίωμεν,
1288 1446 1355 1475 ἀλλὰ
1369 1445 1434 1484 μετὰ
1449 1448 1523 1484 σιγῆς
1538 1449 1672 1484 μυστικῆς,
1688 1448 1721 1475 Εἰ
1731 1446 1781 1487 γὰρ

1015 1493 1058 1521 ἐπὶ
1070 1492 1176 1531 θεάτρου
1186 1493 1283 1525 πολλῆς
1299 1493 1372 1529 σιγῆς
1385 1492 1535 1529 γενομένης,
1551 1492 1610 1521 τότε
1623 1491 1657 1520 τὰ
1672 1496 1716 1521 τοῦ
1735 1494 1781 1530 βα-

1013 1537 1104 1571 σιλέως
1119 1536 1324 1577 ἀναγινώσκεται
1338 1537 1483 1577 γράμματα
1496 1549 1501 1554 ·
1519 1539 1607 1577 πολλῷ
1624 1539 1721 1577 μᾶλλον
1737 1538 1781 1567 ἐπὶ

760 1696 885 1724 ANIANI
907 1696 1225 1725 INTERPRETATto.

217 1802 287 1821 ream
311 1790 489 1828 ingrediemur
510 1788 602 1817 urbem
615 1810 622 1823 ,
640 1787 693 1815 imo
705 1787 782 1815 facile
801 1787 873 1815 omni
888 1797 953 1816 auro
967 1787 1156 1826 pretiosiorem.
1177 1788 1254 1816 Nunc
1272 1797 1334 1825 ergo
1353 1786 1487 1815 discamus
1507 1787 1679 1816 fundamenta
1699 1789 1777 1827 ejus,

216 1846 240 1867 et
255 1844 344 1877 portas
362 1847 395 1864 ex
415 1835 541 1875 sapphiro
557 1833 760 1872 margaritisque
778 1834 937 1873 compositas
956 1846 961 1861 ε
982 1834 1113 1862 habemus
1130 1834 1229 1873 quippe
1247 1834 1379 1873 optimum
1398 1833 1512 1871 ducem,
1533 1834 1692 1863 Matthaeum
1715 1846 1776 1874 1110-

216 1888 289 1914 fecto.
306 1885 355 1912 Per
375 1883 460 1922 ipsius
483 1892 596 1919 namque
616 1888 720 1920 portam
737 1891 808 1909 nune
825 1880 1005 1919 ingredimur,
1024 1881 1162 1918 multoque
1182 1881 1257 1909 nobis
1280 1880 1368 1908 studio
1383 1887 1421 1908 est
1440 1892 1515 1920 opus.
1532 1881 1559 1910 Si
1582 1881 1688 1920 quidem
1704 1882 1775 1910 0111111

216 1933 331 1970 aliquem
352 1941 402 1958 non
414 1930 545 1957 intentum
562 1927 675 1964 viderit,
687 1928 811 1956 continuo
825 1938 887 1955 eum
899 1939 914 1956 a
925 1927 1033 1956 civitate
1049 1927 1183 1966 propellit.
1196 1927 1243 1955 Est
1263 1927 1396 1965 siquidem
1413 1927 1476 1955 urbs
1491 1928 1547 1967 ipsa
1558 1929 1674 1957 maxime
1688 1929 1774 1967 regia,

217 1986 241 2007 et
252 1986 304 2007 tota
315 1987 423 2017 prorsus
439 1975 564 2011 illustris,
580 1981 605 2002 et
612 1985 665 2004 non
677 1974 745 2002 sicut
755 1974 878 2003 videmus
892 1974 964 2013 apud
974 1984 1020 2002 nos
1028 1996 1036 2010 ,
1047 1973 1073 2001 in
1086 1974 1185 2013 palatia
1196 1996 1203 2009 ‚
1215 1973 1308 2001 domos
1322 1973 1473 2012 plateasque
1484 1973 1610 2002 distincta
1620 1986 1626 2002 t
1636 1975 1682 2003 sed
1695 1976 1774 2014 quid-

216 2025 283 2064 quid
304 2031 341 2053 est
352 2024 424 2052 illius
439 2022 525 2058 011115,
547 2021 607 2049 aula
628 2021 700 2059 regia
717 2028 766 2049 est.
778 2021 930 2049 Pandamus
944 2021 1027 2059 igitur
1046 2027 1135 2059 portas
1153 2020 1254 2057 animi,
1276 2020 1425 2059 aperiamus
1442 2020 1581 2057 auditum,
1596 2031 1709 2060 cumque
1723 2029 1775 2050 tre—

215 2082 289 2100 more
304 2071 420 2110 plurimo
438 2069 538 2108 primas
552 2075 653 2096 10101033
668 2067 742 2095 1111115
759 2068 855 2107 januas
876 2067 1016 2104 intraturi,
1031 2077 1120 2105 regem
1134 2067 1180 2105 qui
1193 2067 1219 2094 in
1236 2077 1263 2094 ea
1277 2074 1314 2094 est
1336 2066 1492 2105 suppliciter
1505 2067 1653 2096 adoremus.
1666 2068 1773 2098 Etenim

218 2117 320 2156 primus
333 2116 388 2154 ipse
399 2124 554 2152 congressus
568 2120 653 2152 potest
665 2113 831 2141 cernentibus
845 2120 972 2141 terrorem
983 2113 1108 2141 incutere.
1123 2112 1205 2141 Modo
1220 2112 1329 2150 quidem
1343 2113 1570 2151 nobisportaeistae
1580 2114 1772 2144 occlusoesunt:

218 2174 279 2191 cum
294 2173 356 2191 vero
370 2171 413 2189 eas
429 2166 555 2188 reseratas
572 2159 719 2188 viderimus
732 2164 739 2194 ζ
750 2159 801 2187 1100
813 2159 883 2187 enim
896 2165 934 2187 est
949 2159 1044 2187 solutio
1059 2159 1338 2197 11οε0511000111),10110
1350 2158 1497 2197 plurimum
1507 2159 1614 2187 omnino
1627 2161 1773 2198 poterimus

218 2211 289 2238 intus
309 2208 441 2246 fulgorem
459 2206 582 2245 aspicere.
596 2205 703 2234 Etenim
713 2205 822 2245 spiritus
842 2212 866 2234 te
885 2206 969 2234 oculis
985 2205 1102 2242 ducens,
1118 2206 1205 2233 omnia
1223 2205 1270 2233 tibi
1291 2205 1450 2244 publicanus
1467 2206 1514 2234 iste
1538 2207 1686 2245 promittit:
1701 2208 1772 2246 quod

219 2256 341 2286 videlieet
357 2253 476 2282 ostendat
496 2252 542 2280 ubi
562 2263 609 2280 rex
628 2252 684 2291 ipse
703 2252 806 2287 sedeat,
825 2263 993 2290 quorumque
1012 2252 1051 2280 illi
1075 2252 1191 2280 militum
1219 2252 1343 2280 assistant
1362 2251 1502 2288 cohortes,
1531 2252 1577 2280 ubi
1599 2253 1699 2291 angeli,
1725 2255 1772 2283 ubi

218 2314 280 2333 vero
302 2302 450 2330 habeantur
473 2299 637 2337 archangeli,
655 2306 679 2327 et
702 2299 761 2337 quis
782 2300 858 2328 novis
878 2300 982 2328 civibus
1001 2300 1028 2327 in
1047 2299 1097 2327 hac
1118 2299 1183 2327 urbe
1204 2299 1238 2327 sit
1259 2298 1402 2338 deputatus
1424 2299 1516 2336 locus,
1534 2307 1559 2328 et
1576 2311 1691 2338 quonam
1707 2301 1771 2331 illuc

218 2351 311 2380 itinere
329 2355 453 2388 pergatur
469 2359 474 2374 :
490 2354 515 2375 ct
532 2354 629 2384 quanto
653 2347 752 2375 honore
767 2346 884 2376 donandi
903 2347 955 2375 sint
970 2347 998 2383 ii,
1010 2347 1055 2384 qui
1076 2346 1156 2385 primi
1183 2346 1256 2373 illius
1281 2346 1396 2374 civitatis
1404 2347 1450 2385 jus
1473 2347 1571 2374 fuerint
1596 2349 1769 2386 consequuti:

218 2403 316 2436 quanto
326 2394 472 2434 1100110011,
484 2394 529 2431 qui
542 2393 602 2421 illos
617 2394 731 2422 secundo
744 2400 890 2432 sequuntur
903 2393 976 2421 100οε
988 2400 1086 2431 quanto
1101 2393 1182 2421 etiam
1196 2393 1214 2420 ii
1226 2393 1271 2430 qui
1291 2393 1382 2429 tertio,
1397 2400 1421 2421 et
1436 2400 1500 2431 quot
1511 2393 1564 2421 sint
1579 2393 1687 2422 illorum
1698 2395 1770 2424 ordi-

220 2456 264 2474 nes
275 2444 388 2478 civium,
403 2451 536 2480 quamque
548 2441 647 2469 diversi
667 2442 694 2469 in
711 2442 757 2469 illo
777 2441 876 2479 gradus
897 2441 1096 2480 distinguantur
1113 2447 1218 2477 senatu,
1234 2447 1257 2468 et
1272 2451 1353 2478 quam
1370 2441 1451 2469 vai-ize
1468 2440 1506 2468 ibi
1523 2440 1678 2479 splendeant
1690 2442 1768 2472 diffe-

218 2492 307 2521 rentiae
320 2490 492 2528 dignitatum.
504 2489 564 2516 Non
579 2488 661 2526 igitur
674 2499 735 2516 eum
752 2489 869 2517 tumultu
886 2489 1081 2527 ingrediamur,
1098 2499 1149 2516 non
1162 2499 1223 2516 cum
1234 2487 1396 2524 turbatione,
1408 2498 1491 2526 neque
1505 2498 1566 2516 cum
1580 2489 1691 2528 strepitu
1703 2502 1708 2517 ε
1721 2491 1768 2519 sed

217 2550 278 2568 eum
292 2537 397 2567 silentio
409 2543 488 2573 atque
498 2535 655 2571 reverentia,
671 2546 727 2574 quae
737 2536 816 2564 tantis
828 2543 865 2564 est
880 2536 1029 2564 exhibenda
1043 2535 1186 2575 mysteriis.
1198 2535 1226 2564 Si
1237 2535 1308 2563 enim
1319 2535 1346 2563 in
1358 2535 1472 2571 theatro,
1485 2546 1545 2563 cum
1556 2536 1671 2564 multum
1687 2537 1766 2566 silen-

215 2587 283 2616 tium
299 2591 358 2613 ante
369 2581 542 2623 przecesserit,
559 2588 616 2610 tum
624 2581 732 2610 demum
743 2582 825 2611 literae
835 2583 903 2621 regis
916 2583 1042 2621 leguntur
1053 2594 1059 2609 π
1070 2582 1155 2611 multo
1165 2582 1249 2618 magis
1261 2582 1286 2610 in
1299 2581 1350 2610 hac
1360 2581 1425 2609 urbe
1437 2592 1526 2610 omnes
1535 2582 1652 2611 cohiberi
1663 2591 1765 2622 oportet
