1866 2931
240 212 286 245 (38
554 224 583 246 s.

613 223 718 246 JOANn
727 224 752 245 {S
783 224 965 246 CHRYSOST.

995 225 1148 247 Aucnmt’.
1176 226 1446 249 CONSTANTINOP.

243 285 313 313 circo
341 285 429 324 ipsum
451 285 560 323 angelus
585 284 785 324 interpretatur,
800 285 981 323 optimamque
1000 287 1017 310 C
1036 286 1083 314 Διὸ
1094 285 1138 314 καὶ
1154 286 1288 325 ἑρμηνεύει
1304 291 1378 316 τοῦτο
1393 290 1406 316 ὁ
1418 288 1524 327 ἄγγελος
1535 311 1542 324 ‚
1559 288 1603 316 καὶ
1614 288 1729 328 χρηστὰς
1741 291 1802 318 ὑπο-

245 342 319 370 spem
333 331 424 368 offert,
440 338 463 359 et
478 331 529 359 hae
550 331 651 359 ratione
668 330 748 358 fidem
770 331 819 369 ipsi
836 331 958 359 conciliat
974 342 980 358 t

244 388 306 405 nam
321 377 476 416 propensius
498 377 658 405 inclinamur
676 376 709 404 ad
724 388 765 405 res
788 376 982 415 liujuseemodh

244 423 356 461 ideoque
379 424 433 451 illis·
458 424 563 452 {acilius
589 423 731 452 eredimus.
752 424 819 451 Cum
844 423 927 461 igitur
950 434 984 451 ex

244 469 369 497 omnibus
394 469 427 497 ad
449 469 530 498 fidem
546 470 568 498 ei
584 469 734 497 hahendam
750 475 934 508 pra²parasset,
950 479 983 496 ex

244 515 393 554 praua-itis,
404 527 437 544 ex
447 516 544 544 futuris
556 523 580 544 et
595 527 627 544 ex
639 515 822 554 praesentibus,
836 525 935 543 necnon
948 515 983 543 ab

244 561 344 589 honore
358 562 408 600 ipsi
423 562 523 597 debito,
539 562 641 590 inducit
656 561 823 600 prophetam,
836 567 983 599 opportune

244 607 287 635 his
310 608 434 636 omnibus
456 608 588 636 calculum
608 607 723 635 dantem.
740 606 899 644 Priusquam
919 618 982 636 vero

244 653 332 693 ipsum
353 655 476 691 induent,
490 655 559 682 hona
576 665 623 693 per
645 653 732 692 ipsum
747 652 806 680 orbi
826 653 980 682 conserenda

243 701 411 738 praenuntiat.
424 701 554 735 Quaenam
571 699 616 727 illa
640 698 723 726 sunt?
739 698 847 737 Ereptio
862 709 876 726 a
891 710 980 738 pecca<

243 745 295 773 tis:
308 748 371 784 Ipse
388 748 480 780 enim,
494 745 588 783 inquit,
603 745 718 772 salvum
726 745 819 786 saciet
841 745 977 782 populum

242 801 326 819 suum
340 802 358 819 a
370 793 495 829 peccatis
509 800 617 819 eorum.
632 789 682 817 llic
699 800 803 827 quoque
818 790 979 829 stupendum

241 836 381 875 quidpiam
394 837 535 865 indicatur.
548 836 607 864 Non
619 835 689 863 enim
700 846 715 863 a
727 835 804 863 bellis
814 836 863 863 sul)
874 847 978 864 sensum

241 882 406 916 cadentibus,
422 893 472 910 non
486 894 500 910 a
511 881 642 918 barbaris,
653 881 698 909 secl
712 880 785 919 quod
801 881 879 919 longe
894 882 980 921 majus

240 935 304 964 erat,
315 940 329 956 a
340 929 452 968 peccatis
462 927 630 956 liberandum
641 927 771 967 populum
783 927 867 967 ipsius
878 939 980 956 annun-

238 974 286 1002 tiat
302 987 307 1002 ι
324 975 351 1002 id
366 974 437 1013 quod
458 984 534 1003 nemo
555 981 615 1002 aute
629 974 713 1002 facere
735 980 863 1012 potuerat.
880 974 915 1002 Et
929 986 980 1013 qua

239 1019 272 1047 de
287 1030 378 1055 eausa,
392 1021 507 1058 inquies,
523 1020 668 1059 Populum
691 1030 774 1048 suum
798 1019 881 1055 dixit,
898 1030 980 1058 neque

239 1073 329 1102 gentes
350 1065 467 1105 adjecit?
482 1067 522 1094 Ne
537 1065 627 1094 statim
651 1065 800 1093 auditorem
815 1065 978 1104 percelleret.

238 1111 364 1150 Alioquin
386 1122 449 1141 vero
471 1111 645 1150 intelligentia
670 1110 797 1150 prseditus
816 1110 979 1139 auditor-hic

237 1164 327 1194 gentes
341 1168 445 1195 quoque
457 1157 620 1185 subiudicari
633 1156 766 1196 perspicit.
778 1156 896 1195 Populus
909 1157 978 1185 enim

237 1202 294 1240 ejus
309 1209 369 1230 sunt
384 1213 435 1230 non
450 1203 536 1232 Judaei
550 1209 652 1230 tautum
663 1225 671 1237 ,
686 1201 730 1229 sed
745 1201 890 1239 omnesqui
905 1212 978 1229 aece-

237 1248 318 1285 (luut,
339 1256 363 1277 et
387 1250 444 1288 ejus
467 1249 616 1277 doctrinam
641 1249 870 1286 cognitionemque
895 1249 977 1277 susci-

238 1294 322 1333 piunt.
334 1294 522 1323 Animadverte
534 1301 623 1322 autem
644 1294 777 1332 quomodo
790 1294 847 1332 ejus
861 1293 978 1331 dignita-

238 1348 290 1370 tem
315 1342 391 1369 nobis
418 1341 563 1381 aperuerit,
579 1341 710 1380 populum
735 1351 813 1368 suum
840 1340 978 1379 appellans

237 1387 367 1426 populum
379 1387 531 1417 Juda'icum.
547 1387 603 1415 Hoc
622 1386 691 1415 enim
706 1386 774 1414 nihil
787 1386 862 1414 aliud
874 1386 977 1424 signifi-

237 1441 287 1468 eat,
300 1444 380 1471 quam
395 1444 465 1470 eum,
478 1433 522 1471 qui
539 1439 615 1461 natus
628 1439 674 1468 est,
687 1443 741 1460 esse
756 1432 854 1460 Filium
871 1432 930 1467 Dei,
946 1442 976 1460 ae

237 1480 270 1508 tle
282 1490 342 1518 rege
356 1490 470 1518 superno
485 1489 570 1507 sermo
596 1479 646 1517 ipsi
667 1485 713 1506 est.
726 1479 818 1516 Neque
832 1478 902 1506 enim
925 1478 976 1506 alia

237 1533 351 1565 potestas
366 1532 471 1564 peecata
500 1525 633 1553 remittere
653 1524 736 1561 valet,
752 1524 802 1552 nisi
826 1535 856 1552 ea
870 1535 928 1561 quze
943 1523 977 1552 ad

237 1572 311 1600 illam
332 1571 507 1600 substantiam
530 1570 649 1610 pertinet.
666 1569 800 1604 Quoniam
822 1569 906 1607 igitur
921 1576 977 1597 tan-

240 1625 295 1645 tum
307 1617 457 1656 accepimus
469 1616 579 1652 domun,
595 1615 661 1644 nihil
678 1626 729 1643 non
744 1625 854 1653 agamus
868 1625 900 1642 ne
920 1622 976 1642 tan-

274 1717 280 1725 ¹
301 1708 345 1731 Alii
360 1711 466 1740 ψμέρίσις

1036 331 1112 360 τείνει
1129 332 1234 364 ἐλπίδας
1245 355 1251 367 ,
1267 333 1311 361 καὶ
1331 332 1412 372 ταύτῃ
1428 334 1491 373 πρὸς
1511 333 1598 362 πίστιν
1617 334 1692 362 αὐτὸν
1709 334 1804 373 ἐπαγό-

1039 390 1120 415 μενος.
1154 377 1224 416 Πρὸς
1250 377 1300 416 γὰρ
1328 381 1410 407 ταῦτα
1437 379 1649 419 ἐπιῤῥεπέστερον
1677 379 1804 417 εἰώθαμεν

1038 423 1105 462 ἔχειν
1118 435 1123 441 ·
1139 424 1177 451 διὸ
1194 423 1237 451 καὶ
1255 425 1351 461 μᾶλλον
1365 426 1449 457 αὐτοῖς
1459 424 1586 453 πιστεύειν
1598 426 1730 463 φιλοῦμεν.
1742 424 1806 453 Ἀπὸ

1038 470 1142 498 πάντων
1168 469 1250 498 τοίνυν
1275 470 1472 502 κατασκευάσας
1487 469 1534 505 τὴν
1550 470 1652 506 πίστιν,
1676 470 1727 499 ἀπὸ
1753 472 1804 499 τῶν

1037 515 1227 554 παρελθόντων,
1248 515 1300 543 ἀπὸ
1317 517 1368 543 τῶν
1386 516 1541 553 μελλόντων,
1559 516 1610 544 ἀπὸ
1630 517 1681 544 τῶν
1698 515 1805 544 ἐνεστώ-

1037 571 1098 595 των,
1115 561 1166 588 ἀπὸ
1182 563 1227 595 τῆς
1242 562 1276 593 εἰς
1292 560 1365 589 αὐτὸν
1383 563 1472 598 τιμῆς,
1485 560 1582 599 εἰσάγει
1596 560 1695 590 καὶτὸν
1706 561 1806 600 προφή-

1037 617 1083 640 την
1101 607 1224 647 εὐκαίρως
1239 607 1336 639 τούτοις
1360 607 1442 636 ἅπασι
1455 607 1636 646 ψηφιζόμενον.
1654 607 1721 646 Πρὶν
1742 606 1759 641 ἢ
1777 606 1805 636 δὲ

1037 652 1112 680 αὐτὸν
1130 655 1285 692 εἰσαγαγεῖν,
1296 653 1328 681 τὰ
1346 653 1472 690 μέλλοντα
1483 655 1515 691 τῇ
1528 653 1664 692 οἰκουμένῃ
1677 653 1709 681 δι’
1728 654 1805 682 αὐτοῦ

996 718 1019 737 59
1036 699 1214 737 συμῧήσεσθαι
1242 699 1326 738 ἀγαθὰ
1356 704 1546 739 προαναφωνεῖ.
1570 699 1637 728 Τίνα
1669 699 1696 728 δὲ
1722 700 1805 729 ταῦτά

999 746 1017 768 Λ
1033 746 1120 780 ἐστιν;
1147 745 1292 784 Ἁμαρτιῶν
1318 744 1458 784 ἀπαλλαγὴ
1486 745 1531 774 καὶ
1556 744 1694 784 ἀναίρεσις.
1721 745 1804 778 Αὐτὸς

1032 790 1083 830 γὰρ
1106 790 1199 826 σώσει,
1225 792 1287 830 φησὶ
1300 815 1307 826 ,
1333 791 1375 819 τὸν
1391 792 1453 820 λαὸν
1481 793 1557 820 αὐτοῦ
1580 791 1631 820 ἀπὸ
1650 793 1701 819 τῶν
1719 792 1803 830 ἁμαρ-

1032 838 1093 864 τιῶν
1126 839 1218 866 αὐτῶν.
1246 838 1298 866 Καὶ
1325 840 1433 866 ἐνταῦθα
1453 837 1483 865 τὸ
1508 836 1652 877 παράδοξον
1679 836 1803 866 ἐνδείκνυ-

1032 894 1085 911 ται.
1115 884 1155 912 Οὐ
1181 883 1231 923 γὰρ
1252 884 1374 921 πολέμων
1402 885 1540 918 αἰσθητῶν,
1564 882 1620 912 οὐδὲ
1648 882 1803 923 βαρὲάρων,

1034 930 1091 957 ἀλλ’
1119 930 1132 958 ὃ
1157 931 1245 969 πολλῷ
1275 929 1370 958 τούτων
1404 931 1490 967 μεῖζον
1518 925 1549 964 ἦν
1559 951 1566 964 ,
1601 928 1803 968 ἁμαρτημάτων

1035 974 1189 1014 ἀπαλλαγὴν
1207 974 1411 1014 εὐαγγελίζεται·
1434 974 1448 1002 ὃ
1471 974 1561 1012 μηδενί
1577 986 1640 1003 ποτε
1657 973 1802 1014 ἔμπροσθεν

1035 1020 1134 1058 ἐγένετο
1157 1021 1272 1049 δυνατόν,
1298 1021 1349 1049 Καὶ
1373 1020 1440 1053 τίνος
1457 1019 1550 1055 ἕνεκεν,
1572 1020 1653 1058 φησὶ,
1666 1020 1718 1048 Τὸν
1738 1019 1801 1048 λαὸν

1035 1067 1110 1094 αὐτοῦ
1130 1062 1202 1101 εἶπε,
1219 1066 1263 1094 καὶ
1288 1066 1345 1104 οὐχὶ
1367 1066 1411 1094 καὶ
1427 1065 1460 1093 τὰ
1474 1065 1532 1100 ἔθνη
1549 1065 1726 1105 προσέθηκεν;
1744 1064 1801 1093 Ἵνα

1035 1111 1070 1149 μὴ
1098 1112 1198 1150 πτοῆσῃ
1223 1112 1265 1140 τὸν
1290 1110 1419 1150 ἀκροατὴν
1445 1111 1517 1144 τέως.
1538 1112 1584 1150 Τῷ
1607 1110 1657 1150 γὰρ
1687 1112 1797 1143 συνετῶς

1033 1157 1191 1196 ἀκροωμένῳ
1207 1158 1251 1186 καὶ
1268 1157 1300 1185 τὰ
1314 1157 1373 1192 ἔΟνη
1384 1156 1497 1195 ᾐνίξατο.
1510 1157 1579 1190 Λαος
1595 1156 1645 1196 γὰρ
1662 1158 1738 1185 αὐτοῦ
1752 1158 1800 1195 οὐχ

1031 1205 1054 1231 οἱ
1071 1203 1189 1231 Ἰουδαῖοι
1206 1203 1291 1240 μόνον,
1307 1202 1373 1231 ἀλλὰ
1386 1202 1430 1230 καὶ
1445 1202 1539 1234 πάντες
1555 1204 1578 1231 οἱ
1593 1201 1741 1242 προσιόντες
1755 1202 1799 1230 καὶ

1031 1248 1165 1287 δεχόμενοι
1180 1248 1225 1283 τὴν
1243 1250 1304 1288 παρ’
1322 1250 1399 1277 αὐτοῦ
1409 1251 1514 1287 γνῶσιν,
1528 1248 1626 1277 Σκόπει
1641 1247 1667 1277 δὲ
1683 1250 1739 1280 πῶς
1755 1249 1800 1277 αὖ·

1029 1298 1073 1323 τοῦ
1087 1294 1131 1322 καὶ
1146 1295 1176 1323 τὸ
1188 1294 1290 1332 ἀξίωμα
1307 1297 1369 1332 ἡμῖν
1385 1293 1524 1334 παρήνοιξε
1533 1317 1539 1329 ,
1550 1294 1612 1322 λαὸν
1625 1295 1700 1322 αὐτοῦ
1711 1294 1799 1322 καλῶν

1028 1340 1071 1368 τὸν
1085 1341 1165 1378 δῆμον
1183 1340 1225 1369 τὸν
1245 1340 1394 1369 Ἰουδαϊκόν.
1416 1341 1500 1368 'roffio
1519 1339 1570 1379 γὰρ
1585 1339 1655 1368 οὐδὲν
1673 1339 1737 1368 ἄλλο
1749 1340 1799 1368 δει-

1029 1386 1131 1418 κνύντος
1157 1386 1235 1421 ἐστὶν,
1253 1386 1269 1420 ἢ
1286 1386 1326 1416 ὅτι
1352 1388 1420 1414 Θεοῦ
1445 1390 1506 1418 παῖς
1528 1388 1541 1414 ὁ
1563 1385 1730 1423 τικτόμενος,
1753 1385 1798 1413 καὶ

1028 1433 1087 1471 περὶ
1103 1436 1147 1461 τοῦ
1160 1435 1209 1460 τῶν
1226 1432 1278 1460 ἅνω
1296 1432 1422 1470 βασιλέως
1433 1433 1446 1459 ὁ
1462 1431 1536 1469 λόγος
1551 1430 1618 1459 ἐστὶν
1636 1433 1713 1470 αὐτῷ.
1729 1429 1797 1460 Οὐδὲ

1028 1478 1077 1517 γὰρ
1090 1478 1268 1517 ἁμαρτήματα
1285 1477 1387 1516 ἀφιέναι
1404 1477 1492 1516 ἑτέρας
1504 1477 1557 1505 ἐστὶ
1574 1476 1708 1514 δυνάμεως
1719 1499 1726 1512 ,
1739 1478 1795 1505 ἀλλ’

1027 1523 1043 1557 ἢ
1056 1526 1102 1557 τῆς
1115 1523 1200 1555 οὐσίας
1217 1523 1296 1561 μόνης
1311 1522 1418 1557 ἐκείνης.
1436 1522 1512 1551 Ἐπεὶ
1532 1517 1575 1550 οῧν
1591 1522 1717 1557 τοσαύτης
1734 1524 1796 1550 ἀπε-

1026 1569 1158 1607 λαύσαμεν
1173 1569 1268 1609 δωρεᾶς
1277 1592 1285 1604 ,
1297 1568 1383 1596 πάντα
1394 1570 1519 1606 ποιῶμεν,
1537 1567 1604 1596 ὥστε
1620 1567 1655 1606 μὴ
1670 1567 1717 1603 τὴν
1730 1569 1798 1607 εὐερ-

1027 1615 1114 1654 γεσίαν
1126 1619 1136 1630 ³
1146 1614 1301 1654 καΟυὸρίσαι
1316 1614 1362 1649 τὴν
1374 1614 1509 1649 τοσαύτην,
1527 1615 1560 1643 Εἰ
1572 1613 1622 1653 γὰρ
1634 1613 1678 1642 καὶ
1690 1614 1740 1653 πρὸ
1750 1616 1797 1648 τῆς

784 1789 908 1817 ΑΝΙΑΝΙ
931 1788 1250 1817 INTERPRETATIO.

239 1894 349 1931 Propter
362 1889 433 1929 quod
443 1889 511 1918 illud
523 1890 603 1917 etiam
613 1887 723 1926 angelus
734 1887 930 1926 interpretatur,
945 1887 1022 1915 bonis
1044 1894 1197 1915 moerentem
1212 1887 1309 1926 spebus
1321 1888 1463 1916 animando
1476 1900 1481 1915 :
1497 1895 1521 1916 et
1536 1888 1586 1917 hoc
1599 1899 1703 1927 quoque
1717 1889 1795 1918 illum

239 1939 319 1968 modo
333 1938 366 1966 ad
381 1937 541 1965 credendum
555 1935 628 1975 quod
648 1935 775 1973 loquitur,
790 1934 894 1963 invitat.
912 1934 999 1962 Facile
1016 1944 1128 1972 namque
1143 1934 1317 1962 sollicitamur
1331 1934 1365 1962 ad
1384 1946 1521 1973 prospera,
1536 1942 1560 1963 et
1571 1936 1702 1974 promtius
1715 1936 1795 1965 fidem

238 1985 471 2015 aeeonnnodanms
488 1983 618 2012 secundis.
632 1983 700 2011 Cum
711 1981 794 2020 igitur
810 1992 843 2010 ex
858 1981 982 2009 omnibus
997 1981 1187 2009 construxisset
1201 1981 1297 2017 fidem,
1313 1992 1326 2009 a
1340 1981 1565 2021 pi·a3eetl(·11til›us,
1581 1994 1595 2010 a
1609 1983 1795 2021 praesentihus,

239 2046 253 2062 a
269 2033 366 2062 futuris
375 2055 381 2067 ‚
396 2032 430 2060 ab
440 2032 538 2060 honore
549 2032 605 2070 ejus
613 2041 692 2069 quem
703 2029 860 2068 promiserat
874 2029 1054 2065 naseiturum,
1065 2027 1213 2056 introduxit
1228 2035 1375 2067 opportune
1389 2029 1469 2056 etiam
1481 2029 1637 2068 prophetam
1653 2030 1695 2058 his
1710 2030 1794 2059 omni-

238 2081 289 2108 bus
305 2079 438 2108 calculum
453 2090 531 2107 sunm
548 2078 697 2106 addentem.
711 2077 871 2115 Priusquam
888 2087 952 2105 vero
970 2077 1026 2115 ejus
1041 2076 1223 2104 testimonium
1239 2076 1313 2111 citet,
1324 2075 1469 2113 singularia
1484 2087 1530 2115 per
1545 2076 1633 2115 ipsum
1649 2077 1719 2106 bona
1734 2078 1794 2106 uni-

238 2138 315 2156 verso
331 2127 389 2155 orbi
405 2125 560 2155 eonferenda
575 2124 743 2164 praenuntiat.
755 2125 884 2159 Quaenam
897 2123 980 2162 igitur
996 2123 1045 2152 ista
1060 2123 1142 2151 sunt?
1157 2123 1287 2151 Reinissio
1302 2123 1400 2159 silicet,
1417 2123 1590 2162 interitusque
1601 2125 1710 2163 peccati.
1725 2127 1791 2164 Ipse

240 2177 326 2209 enim,
340 2174 435 2212 inquit,
451 2172 667 2213 salvzttnflzciet
681 2172 819 2210 populum
831 2182 914 2199 suum
928 2182 947 2199 a
957 2172 1082 2210 peccatis
1098 2181 1204 2198 eorum.
1217 2170 1380 2208 Hiequoque
1393 2170 1514 2198 beneficii
1529 2171 1633 2199 novitas
1648 2171 1790 2201 indicatur.

238 2223 298 2251 Non
316 2222 387 2250 enim
400 2232 414 2249 a
429 2220 500 2248 bello
512 2219 625 2255 visibili,
637 2229 720 2257 neque
733 2230 748 2246 a
763 2218 853 2256 gladio
867 2218 1044 2246 barbarorum
1058 2217 1120 2246 :sed
1134 2217 1205 2256 quod
1220 2217 1261 2245 his
1276 2218 1353 2255 longe
1369 2219 1455 2256 majus
1467 2224 1513 2254 est,
1530 2229 1544 2245 a
1560 2225 1668 2256 peceato
1683 2230 1730 2248 suo
1745 2231 1792 2259 po-

239 2269 333 2307 pulum
348 2278 426 2296 suum
446 2267 549 2295 nuntiat
564 2265 732 2294 liberandum
749 2277 754 2292 t
770 2265 841 2303 quod
856 2272 980 2305 praestare
996 2265 1063 2293 nulli
1078 2265 1128 2293 fuit
1143 2265 1282 2293 hominum
1295 2265 1438 2303 aliquando
1454 2265 1588 2304 possibile.
1605 2265 1640 2294 Et
1654 2267 1739 2305 cujus,
1752 2267 1792 2295 in-

239 2316 323 2353 quies,
341 2316 377 2344 rei
393 2316 476 2353 gratia
492 2314 567 2353 quasi
583 2314 684 2352 signate
699 2313 830 2353 populum
846 2324 924 2342 suum
938 2313 1023 2349 dixit,
1038 2320 1062 2341 et
1079 2323 1129 2341 non
1147 2313 1226 2341 etiam
1241 2324 1331 2342 omnes
1348 2320 1436 2351 gentes
1453 2313 1552 2352 pariter
1567 2312 1737 2342 nominavit?
1752 2315 1792 2342 Ne

239 2363 339 2391 seilicet
353 2363 385 2390 de
401 2362 526 2390 inusitato
540 2361 633 2389 nuntio
648 2360 804 2399 scrupulum
819 2367 954 2400 pateretur
968 2360 1088 2394 auditor,
1101 2371 1263 2398 quamquam
1277 2368 1344 2388 reete
1362 2361 1417 2388 lure
1432 2366 1588 2399 perceptum
1607 2360 1687 2388 etiam
1702 2368 1791 2399 gentes

238 2410 420 2448 designantur.
432 2409 551 2448 Populus
566 2408 637 2437 enim
651 2408 751 2436 Christi
766 2418 818 2436 non
835 2415 938 2436 tautum
955 2408 1026 2436 natio
1050 2407 1203 2437 Judaeorum
1218 2415 1264 2443 est,
1278 2408 1321 2436 sed
1339 2418 1428 2436 omues
1441 2418 1543 2445 quoque
1559 2408 1605 2446 qui
1624 2408 1658 2436 ad
1673 2419 1733 2436 eum
1746 2419 1790 2437 ve—

239 2457 324 2491 niunt,
339 2457 446 2495 ejusque
461 2456 594 2484 donantur
608 2455 751 2494 agnitione.
765 2455 909 2483 Considera
926 2466 988 2484 vero
1001 2455 1227 2493 quemadmodum
1243 2455 1318 2484 nobis
1332 2455 1415 2494 ipsam
1432 2455 1511 2483 etiam
1525 2455 1624 2483 Christi
1638 2456 1789 2494 patefecerit

237 2503 403 2541 dignitatem,
416 2503 544 2541 populum
561 2503 617 2541 ejus
633 2502 777 2542 appellans,
792 2513 872 2540 quem
890 2513 937 2541 per
959 2503 1047 2542 ipsum
1060 2513 1075 2530 a
1089 2503 1204 2542 peccatis
1219 2503 1285 2531 dicit
1301 2513 1356 2531 esse
1375 2502 1541 2531 salvandum.
1556 2502 1633 2531 Nihil
1646 2502 1717 2531 enim
1737 2502 1788 2531 hoc

236 2549 312 2578 aliud
326 2557 373 2586 est,
389 2560 469 2588 quam
483 2549 618 2578 ostendere
630 2550 679 2578 Dei
696 2550 795 2578 Filium
811 2560 866 2577 esse
882 2550 928 2587 qui
940 2550 1065 2586 nascitur,
1081 2560 1128 2578 nec
1142 2561 1169 2578 se
1183 2550 1216 2578 de
1227 2550 1317 2588 aliquo
1329 2550 1437 2578 homine
1449 2559 1509 2587 rege
1522 2549 1594 2578 hune
1606 2549 1723 2589 proferre
1733 2559 1787 2578 ser-

235 2607 349 2625 monem.
360 2597 453 2635 Neque
462 2597 533 2625 enim
547 2604 631 2636 potest
647 2604 751 2636 peecata
763 2597 906 2634 dimittere,
918 2597 967 2625 nisi
981 2597 1148 2626 solummodo
1161 2597 1254 2626 divina
1266 2604 1367 2625 natura.
1381 2597 1468 2625 Tanta
1480 2596 1562 2634 igitur
1571 2596 1680 2625 eaelestis
1691 2606 1784 2625 mune-
