1809 2901
164 190 224 212 vm
851 186 1031 208 PRAEFATIO.

167 263 179 276 ιι
215 250 244 277 ln
255 248 370 277 armario
383 270 390 284 ,
405 247 439 275 ad
453 246 591 275 dexteram
606 256 679 274 num.
692 247 738 274 76.
750 246 777 275 S.
793 247 869 275 Joan.
886 246 1070 285 Chrysostomi
1086 246 1113 274 in
1138 245 1296 273 Matthaeum
1319 255 1380 274 cum
1398 246 1550 286 praefatione
1565 247 1659 276 Auiani
1682 248 1716 276 ad

168 309 181 322 »
203 295 346 324 orontium
361 294 516 333 episcopum
526 294 553 321 in
569 293 659 321 charta
670 292 794 321 Homiliae
808 292 845 320 95
861 304 866 319 ε
882 303 943 331 pars
952 293 1046 331 prima.
1060 305 1073 318 υ
1086 294 1146 327 Qua
1158 298 1219 320 nota
1230 291 1363 320 indicatur
1371 292 1450 321 etiam
1460 300 1562 332 partem
1574 293 1717 322 secundam

167 343 261 379 fnisse,
277 349 301 370 et
312 341 430 369 fortassis
442 340 549 368 tertiam
561 347 586 368 et
600 346 729 378 quartam.
747 340 776 367 In
786 339 878 367 itinere
887 346 975 366 autem
988 339 1080 367 Italico
1095 350 1143 367 suo
1161 338 1337 367 Mabillonius
1353 346 1441 367 noster
1454 350 1480 378 p.
1493 340 1558 375 164,
1572 339 1606 367 de
1617 339 1717 368 Biblio-

167 389 242 418 theca
254 395 349 416 sanctae
365 387 458 415 Crucis
468 387 587 425 loquens,
602 397 660 424 quae
673 393 710 414 est
722 386 861 414 Minorum
874 385 1107 422 conventualium,
1122 385 1172 413 hoe
1187 385 1266 412 babet
1281 397 1287 412 :
1303 397 1316 412 «
1339 385 1415 413 Alius
1429 385 1520 414 Codex
1534 386 1618 414 saneti
1639 387 1717 415 Joan-

168 447 182 461 n
203 434 244 462 nis
257 433 441 473 Chryses-tomi
455 433 481 461 in
497 433 655 461 Mattbaeum
666 432 791 461 homilias
799 431 909 468 XXVI,
922 431 1022 460 Aniano
1038 432 1188 471 interprete,
1203 431 1392 470 subsequentes
1404 442 1419 460 a
1432 432 1549 471 Georgio
1564 433 1717 471 Trapezun-

170 495 183 508 »
205 482 243 510 tio
257 481 283 508 in
300 481 426 508 Latinum
440 490 538 515 versas,
553 479 747 518 complectitur.

207 528 267 556 Non
279 526 374 555 dubito
386 527 468 564 igitur
477 526 541 564 quin
557 526 675 554 Anianus
687 532 771 553 totum
784 524 962 553 Homih'arum
984 525 1011 553 in
1026 525 1185 554 Matthaeum
1200 525 1301 553 librum
1316 524 1410 553 Latine
1424 525 1597 553 transtulerit.
1612 525 1649 553 Et
1667 525 1718 553 sor-

168 575 245 603 tassis
260 574 281 602 si
299 574 419 602 omnium
433 573 657 600 bibliothecarum
672 571 846 610 manuscripti
860 571 970 600 Codices
982 579 1169 600 excuterentur
1179 595 1186 607 ,
1199 579 1286 611 posset
1300 571 1431 609 hodieque
1445 578 1499 599 tota
1521 571 1618 600 Aniani
1632 571 1719 600 versio

169 623 234 651 erui.
242 621 293 650 Sed
299 620 403 659 adquid
411 627 514 648 tantum
520 619 652 658 suscipere
659 619 786 655 laborem,
793 618 899 656 quando
905 625 989 647 totum
996 619 1280 647 Homiliarumlibrum
1286 625 1386 647 sartum
1395 625 1419 646 et
1427 625 1533 653 tectum,
1539 618 1608 646 utab
1614 625 1721 646 auctore

168 669 301 708 profectus
315 674 362 703 est,
375 666 525 694 hahemus?
536 665 626 703 Ecqua
639 665 684 692 illa
696 665 762 693 foret
771 675 838 693 nova
859 665 983 699 accessio,
999 666 1048 693 nisi
1066 672 1093 693 ut
1102 666 1174 693 hunc
1185 666 1303 694 Tomum
1317 675 1428 704 operum
1441 665 1496 703 jam
1516 665 1580 693 satis
1598 665 1718 703 amplum

170 715 239 743 ultra
250 714 360 742 modum
370 719 486 750 augeret,
495 711 574 749 idque
588 711 662 739 nullo
677 722 762 750 operae
772 711 873 750 pretio?
888 711 968 746 Quod
979 712 1000 740 si
1011 712 1113 741 dixeris
1126 713 1244 750 aliquam
1259 712 1321 740 binc
1334 711 1409 740 nobis
1419 712 1508 739 afferri
1519 711 1641 739 notitiam
1650 711 1719 739 circa

169 762 288 797 modum,
303 771 355 798 quo
369 766 468 789 veteres
479 758 518 786 illi
528 759 620 786 Grseca
634 758 727 786 Latine
741 758 928 787 convertebant
940 771 946 786 ε
958 770 1016 788 ecce
1023 760 1080 798 jam
1096 759 1171 787 illam
1194 766 1268 798 potes
1283 770 1316 787 ex
1337 759 1370 787 iis
1384 769 1442 797 quae
1455 759 1482 786 in
1504 758 1644 797 publicum
1659 768 1720 797 pro-

169 809 290 837 feruntur
302 806 443 846 expiscari.
458 805 546 832 Habes
561 811 659 842 septem
674 804 859 844 Chrysostomi
878 805 1009 834 Homilias
1020 806 1053 834 de
1067 806 1192 835 laudibus
1219 806 1295 834 Pauli
1319 805 1432 844 apostoli
1455 815 1516 833 eum
1531 804 1626 832 Auiani
1642 804 1720 833 inter-

172 855 317 894 pretatione
332 876 338 889 ,
352 860 376 881 et
389 852 521 880 Homilias
535 857 593 879 octo
601 851 703 890 priores
718 851 836 891 ejusdem
848 852 873 880 in
889 852 1067 891 Evangelium
1080 853 1209 881 Matthaei.

209 901 328 929 Anianus
336 909 398 928 vero
413 898 459 926 etsi
470 908 518 936 pro
528 897 573 924 illa
584 904 660 925 aetate
673 908 725 926 non
736 898 874 937 imperitus
889 899 1045 927 Graecorum
1060 899 1187 938 interpres
1201 899 1299 927 censeri
1323 899 1432 927 debeat:
1449 905 1547 936 septem
1575 898 1645 926 enim
1667 897 1721 926 Ho-

172 948 259 976 milias
269 947 301 974 de
314 945 438 974 laudibus
454 943 695 972 Paulisatseliciter
705 945 849 982 transtulit,
862 952 891 973 ut
902 945 1022 974 diximus
1037 946 1070 974 T.
1084 949 1111 982 Q,
1125 957 1151 985 p.
1167 947 1223 974 475
1234 958 1241 981 ;
1252 952 1277 973 at
1287 945 1312 973 in
1330 944 1508 973 Homiliarum
1523 944 1550 972 in
1562 944 1721 972 Matthaeum

170 993 383 1033 interpretatione
394 991 487 1019 Latina
502 1001 553 1018 non
567 991 624 1029 pari
635 991 759 1019 felicitate
769 992 911 1030 processit:
937 1003 998 1020 nam
1013 992 1147 1020 incassum
1162 1003 1230 1031 saepe
1242 992 1322 1021 verba
1338 991 1517 1030 multiplicat,
1532 996 1556 1018 et
1567 990 1722 1018 circuitione

170 1052 232 1069 usus
242 1051 270 1068 ea
282 1039 405 1079 pluribus
419 1037 556 1073 enuntiat,
565 1048 623 1075 quae
635 1045 755 1076 poterant
767 1038 876 1067 brevius
889 1045 913 1067 et
928 1039 1095 1068 commodius
1110 1039 1231 1067 exhiberi
1246 1050 1253 1075 3
1270 1045 1298 1066 ut
1311 1038 1423 1076 quisque
1434 1037 1525 1066 videre
1543 1037 1634 1076 possit.
1651 1037 1720 1065 Nam

171 1095 230 1116 octo
249 1088 368 1126 priorum
391 1085 564 1113 homiliarum
579 1084 819 1123 interpretationem
834 1085 929 1114 Aniani
953 1086 978 1114 in
1001 1086 1053 1114 ima
1072 1086 1169 1125 pagina
1186 1086 1332 1125 posuimus.
1348 1086 1441 1113 Unum
1455 1091 1543 1112 tamen
1563 1090 1601 1112 est
1622 1083 1655 1112 de
1669 1094 1722 1122 quo

170 1137 292 1164 lectorem
305 1144 410 1161 mouere
424 1142 475 1160 non
488 1131 597 1170 pigebit.
613 1132 643 1159 ln
654 1132 770 1160 Homilia
783 1133 809 1167 5,
821 1144 846 1171 p.
858 1132 905 1169 73,
916 1133 971 1161 baec.
982 1134 1015 1161 de
1025 1134 1126 1163 Jacobo
1136 1134 1215 1161 fratre
1226 1132 1334 1161 Domini
1349 1138 1490 1159 narrantur
1504 1143 1510 1158 :
1526 1131 1589 1171 φασὶ
1604 1131 1630 1159 δὲ
1645 1132 1721 1160 αὐτὸν

169 1183 213 1211 καὶ
225 1179 410 1220 σκληραγωγίᾳ
421 1179 556 1219 προσέχειν
572 1178 697 1217 τοσαύτῃ,
714 1181 749 1212 ὡς
765 1180 853 1208 καὶτὰ
870 1180 935 1218 μέλη
953 1183 1112 1220 νεκρωθῆναι
1127 1181 1243 1215 ἅπαντα,
1258 1180 1302 1208 καὶ
1317 1179 1367 1208 ἀπὸ
1384 1181 1430 1213 τῆς
1447 1182 1565 1217 συνεχοῦς
1577 1180 1667 1216 sits-Ze,
1678 1179 1723 1207 καὶ

169 1233 215 1264 τῆς
227 1230 355 1262 διηνεκοῦς
368 1226 430 1265 πρὸς
441 1226 568 1264 rogia-410<
580 1225 695 1262 ὁμιλίας,
707 1226 736 1254 τὸ
747 1226 866 1264 μέτωπον
883 1226 963 1260 οὕτως
974 1229 1042 1266 αὖτῷ
1054 1227 1271 1262 κατεσιληκέναι,
1287 1228 1321 1258 ὡς
1335 1224 1414 1264 μηδὲν
1431 1225 1535 1263 ἄμεινον
1547 1225 1662 1264 γονάτων
1677 1237 1722 1253 κα-

171 1277 253 1314 μήλου
264 1276 407 1302 διακεῖσθαι
421 1275 466 1307 τῆς
484 1272 633 1305 ἀντιτυπίας
645 1272 728 1301 ἕνεκεν
742 1275 835 1307 nimie:
851 1273 878 1301 id
892 1281 939 1310 est,
955 1281 983 1302 ut
998 1285 1044 1302 nos
1059 1274 1237 1303 convertimus
1257 1285 1262 1300 :
1288 1273 1417 1301 Narrant
1435 1278 1531 1299 autem
1553 1271 1637 1299 illum
1664 1277 1723 1299 tam

170 1333 268 1361 aspere
285 1323 372 1348 vitam
384 1320 510 1351 duxisse,
524 1325 554 1346 ut
566 1320 693 1346 membra
702 1321 762 1358 ejus
775 1322 873 1347 omnia
888 1325 971 1359 quasi
984 1327 1114 1349 emortua
1126 1327 1230 1353 essent,
1247 1326 1334 1358 atque
1345 1330 1381 1346 es
1391 1319 1533 1355 precandi
1540 1318 1722 1352 assiduitate,

168 1371 236 1397 dum
250 1369 358 1406 jugiter
376 1369 406 1394 in
419 1367 584 1403 pauimento
596 1367 805 1402 procumberet,
821 1367 954 1405 frontem
970 1370 1031 1406 ejus
1046 1371 1088 1396 ita
1117 1368 1284 1395 obduruisse
1296 1389 1303 1402 ‚
1323 1373 1353 1394 ut
1378 1376 1503 1404 genuum
1518 1365 1621 1393 cameli
1640 1365 1721 1393 duri-

171 1419 236 1445 tiem
247 1426 318 1454 pene
332 1417 484 1452 attingeret
500 1435 507 1447 ‚
530 1413 748 1452 itafrequenter
764 1414 844 1442 illam
859 1415 920 1443 solo
932 1416 1119 1453 applicuerat.
1134 1414 1251 1442 Anianus
1262 1424 1324 1442 vero
1338 1413 1409 1440 hune
1423 1412 1512 1441 locum
1526 1413 1562 1440 ita
1577 1412 1705 1440 convertit
1717 1425 1723 1440 :

171 1464 266 1491 Aiunt
280 1467 375 1489 autem
390 1470 488 1498 genua
502 1461 563 1497 ejus
579 1460 747 1488 obduruisse
761 1461 839 1489 callo
854 1484 861 1497 ,
881 1469 1050 1501 tantamque
1065 1464 1096 1490 in
1115 1463 1253 1502 eosuisse
1274 1461 1370 1489 carnis
1386 1462 1529 1488 incuriam
1546 1483 1553 1495 ,
1570 1466 1601 1488 ut
1627 1460 1724 1488 adhuc

171 1511 296 1538 ‘viventis
311 1507 481 1547 onmia—stre
497 1508 623 1533 membra
638 1515 816 1535 morerentur
831 1520 837 1535 :
855 1515 942 1547 atque
962 1510 1133 1537 assiduitate
1154 1509 1303 1541 orationis,
1326 1509 1447 1546 jugique
1469 1507 1508 1534 ad
1526 1508 1725 1545 pavimentum

170 1558 362 1595 prostratione
377 1554 653 1593 corporis‚sr0ntem
668 1564 781 1593 quoque
793 1557 854 1593 ejus
868 1556 945 1583 catto
961 1557 1095 1584 similiter
1107 1556 1273 1588 obductam,
1293 1561 1322 1583 ut
1339 1555 1485 1594 nihilsere
1497 1565 1515 1582 a
1530 1554 1633 1581 cameli
1646 1556 1723 1592 geni-

172 1607 234 1637 bus,
244 1605 268 1630 si
279 1603 413 1630 duritiem
427 1606 544 1638 spectes,
554 1601 736 1638 discreparet.
752 1601 802 1630 Hic
811 1601 886 1630 vides
897 1603 1029 1631 Anianum
1040 1603 1097 1631 hacc
1110 1602 1256 1637 addidisse,
1272 1612 1366 1641 genua
1380 1603 1440 1637 ejus
1456 1602 1624 1631 obduruisse
1637 1602 1724 1639 callo,

172 1650 199 1677 id
209 1648 278 1687 qnod
293 1649 319 1676 in
341 1647 422 1675 nullis
435 1646 733 1686 Chrysostomifiraecis
744 1648 942 1687 exemplaribus
956 1649 1055 1677 lectum
1072 1649 1154 1677 fuisse
1177 1655 1339 1677 memoratur
1353 1648 1466 1687 uspiam.
1483 1649 1586 1677 Verum
1608 1648 1676 1677 illud
1690 1660 1725 1678 ex

175 1696 323 1734 llcgesippo
339 1694 410 1733 apud
425 1693 572 1721 Eusebium
588 1693 656 1721 Hist.
673 1694 746 1722 Eccl.
770 1694 787 1722 l.
802 1697 829 1731 9,
846 1707 867 1724 c.
884 1697 931 1731 a5,
955 1703 1094 1725 mutuatus
1115 1696 1222 1725 videtur
1249 1695 1367 1724 Anianus
1383 1707 1389 1722 z
1415 1695 1451 1722 ibi
1467 1695 1538 1723 enim
1559 1696 1610 1724 hoc
1622 1703 1726 1725 tantum

172 1743 282 1780 legitur:
298 1744 332 1773 ὡς
348 1740 538 1774 &ambazium
548 1739 581 1768 τὰ
592 1740 688 1778 γόνατα
698 1743 773 1769 αὐτοῦ
784 1741 856 1776 δίκην
869 1743 1004 1780 >tagi-stou:
1018 1744 1090 1771 adeo
1105 1750 1134 1771 ut
1149 1753 1243 1781 genua
1257 1744 1345 1781 ipsius
1360 1744 1454 1769 instar
1467 1742 1570 1770 cameli
1582 1743 1727 1771 obdurue*

174 1792 240 1816 rint.
254 1788 283 1814 ln
292 1785 458 1818 lectionibus,
471 1796 529 1822 qum
542 1785 567 1812 iu
583 1785 648 1813 festo
661 1785 688 1813 S.
700 1787 792 1815 Jacobi
806 1787 920 1816 Minoris
938 1789 1092 1824 recitantur,
1104 1788 1279 1816 hochahetur
1294 1799 1327 1816 ex
1334 1787 1532 1826 Hegesippo,ut
1556 1787 1672 1824 videtur,
1682 1788 1728 1817 de-

173 1841 290 1862 sumtum
303 1845 308 1859 z
323 1833 376 1861 Cui
386 1834 475 1860 etiam
490 1832 644 1860 assiduitas
659 1835 761 1861 orandi
775 1835 816 1861 ita
827 1835 936 1863 callum
949 1837 1069 1874 genibus
1081 1836 1242 1863 obduret-at
1253 1857 1260 1870 ,
1275 1841 1305 1863 ut
1321 1835 1425 1863 duritie
1434 1835 1653 1874 camelipeltem
1665 1837 1727 1864 imi-

176 1887 285 1908 taretur
301 1892 308 1906 .-
325 1878 357 1906 de
367 1878 461 1906 frontis
476 1888 538 1906 vero
559 1878 658 1906 duritie
669 1879 745 1915 nihil,
761 1880 794 1908 de
802 1891 853 1918 qua
865 1887 969 1910 tantum
983 1882 1028 1909 hic
1038 1881 1158 1919 loquitur
1172 1881 1389 1920 Chrysostomus.

213 1928 242 1955 In
258 1927 307 1954 hac
321 1932 408 1953 autem
425 1924 458 1952 ad
479 1924 621 1952 Orontium
636 1925 769 1964 Epistola,
785 1937 842 1964 qua>
857 1927 959 1965 prologi
975 1927 1059 1955 vicem
1072 1927 1141 1965 agit,
1155 1927 1274 1955 Anianus
1296 1926 1438 1964 nonaginta
1453 1937 1533 1954 unam
1555 1926 1688 1955 Homilias
1702 1927 1728 1955 in

174 1974 330 2002 Mauhaenm
348 1971 592 2010 numerat‚pe1·i1ule
609 1978 686 2008 atque
702 1971 774 1999 Editi
786 1972 886 2011 priores
900 1984 965 2012 pene
980 1984 1082 2009 omnes,
1093 1974 1119 2001 in
1135 1973 1234 2011 quibus
1249 1972 1353 2000 decima
1368 1983 1436 2000 nona
1447 1972 1558 2000 homilia
1574 1973 1599 2000 in
1610 1973 1678 2001 duas
1688 1973 1728 2002 ‹li-

173 2019 282 2053 riditur,
293 2025 317 2046 et
331 2016 443 2046 secunda
459 2027 532 2055 pars,
547 2017 572 2044 in
588 2028 638 2055 qua
657 2018 739 2045 oratio
751 2018 889 2046 Dominica
899 2042 905 2054 ,
925 2021 1014 2048 Pater
1027 2026 1124 2047 noster
1145 2026 1203 2055 etc.‚
1219 2019 1370 2058 explicatur
1382 2041 1389 2055 ,
1415 2019 1573 2057 vigesimam
1588 2019 1728 2048 homiliam

173 2064 254 2092 eflicit
264 2086 270 2097 ‚
280 2070 369 2091 contra
384 2062 463 2089 sulem
478 2062 598 2090 omnium
614 2064 769 2091 Grzecorum
779 2064 922 2099 Codicum,
938 2065 983 2093 ubi
1000 2076 1051 2093 una
1068 2072 1172 2093 tantum
1187 2065 1271 2093 oratio
1285 2066 1319 2093 10
1337 2072 1423 2093 totum
1441 2065 1641 2104 complectitur,
1651 2073 1680 2094 ut
1691 2078 1730 2096 se*

174 2110 224 2137 ries
239 2110 345 2137 omnino
363 2108 486 2147 postulat.
501 2109 569 2136 Cum
588 2109 677 2136 istbzee
692 2109 803 2137 homilia
820 2111 856 2138 19
869 2110 895 2138 in
910 2110 977 2139 duas
993 2110 1080 2139 divisa
1096 2111 1202 2145 suisset,
1217 2111 1332 2138 secunda
1360 2122 1420 2150 pars
1435 2111 1491 2150 ejus
1508 2111 1626 2139 Homilia
1641 2114 1680 2140 90
1690 2113 1730 2141 in-

175 2157 272 2194 scripta
288 2155 350 2188 suit,
367 2161 390 2182 et
415 2164 522 2191 sequens
532 2177 538 2189 ,
553 2165 611 2192 quse
622 2154 749 2192 vigesima
763 2162 832 2191 erat,
847 2155 976 2193 vigesima
992 2156 1078 2194 prima
1099 2156 1251 2193 consignata
1267 2162 1321 2191 est,
1336 2163 1415 2194 atque
1428 2156 1464 2184 ita
1480 2167 1538 2194 quae
1554 2157 1731 2194 sequebantur

175 2212 265 2229 omnes
281 2210 419 2228 numerum
432 2206 578 2235 auxerunt,
595 2200 629 2227 ita
645 2207 673 2227 nt
683 2211 740 2237 qua·
755 2200 897 2238 nonaginta
914 2211 1024 2229 numero
1039 2207 1128 2237 erant,
1144 2211 1224 2228 unam
1240 2211 1319 2239 supra
1333 2201 1476 2239 nonaginta
1486 2208 1575 2240 postea
1589 2202 1730 2230 efficerent.

179 2249 274 2275 Utrum
287 2253 374 2274 autem
390 2245 444 2272 haec
456 2245 566 2272 mutatio
584 2245 618 2272 ab
633 2245 690 2284 ipso
706 2246 807 2274 Aniano
823 2246 930 2274 inducta
946 2246 1040 2282 fuerit,
1056 2245 1186 2273 incertum
1200 2253 1246 2273 cst.
1262 2245 1320 2273 Etsi
1332 2246 1403 2274 enim
1417 2247 1443 2274 in
1460 2246 1579 2285 Epistola
1594 2247 1628 2275 ad
1643 2248 1729 2276 Oron-

174 2294 241 2321 tinm
252 2315 258 2327 ,
275 2303 332 2329 qnae
343 2302 406 2318 mox
421 2297 555 2328 sequetur,
567 2290 627 2318 XCI
644 2291 759 2319 homiliae
771 2298 994 2326 lltlmcremltr,at
1009 2291 1095 2329 potuit
1109 2290 1256 2329 quispiam,
1272 2291 1339 2319 sacta
1362 2298 1421 2330 post
1442 2292 1535 2320 Aniani
1555 2299 1666 2320 mortem
1683 2293 1731 2321 hu-

172 2338 290 2378 jusmodi
307 2337 461 2371 mutationey
477 2336 525 2364 XC
542 2347 650 2364 numero
669 2348 751 2364 unum
770 2336 959 2376 superaddere,
972 2336 1034 2374 quia
1050 2335 1157 2364 videbat
1173 2336 1200 2363 in
1216 2336 1415 2375 exemplaribus
1432 2337 1533 2365 Latinis
1548 2338 1690 2375 nonaginta
1707 2345 1732 2366 et

176 2396 255 2413 unam
271 2383 394 2411 homilias
405 2383 478 2410 ferri.
495 2383 603 2410 Certum
617 2383 716 2421 quippe
731 2390 768 2411 est
783 2394 796 2411 a
812 2383 915 2411 Latinis
931 2382 1077 2410 Hotniliam
1094 2382 1130 2409 19
1144 2381 1261 2409 divisam
1276 2382 1357 2410 fuisse
1372 2394 1378 2417 ;
1395 2382 1421 2410 in
1436 2382 1636 2421 exemplaribus
1661 2384 1731 2412 enim

177 2431 278 2459 Craecis
288 2439 417 2466 nusquam
432 2435 516 2455 exstat
532 2428 685 2467 hujusmodi
707 2428 816 2456 divisio.
828 2429 903 2456 Illam
918 2439 979 2456 vcro
994 2427 1153 2456 divisionem
1169 2427 1296 2455 libentius
1311 2427 1469 2455 crediderim
1485 2435 1543 2466 post
1559 2428 1653 2457 Auiani
1666 2436 1734 2457 tem-

178 2487 240 2515 pora
257 2475 409 2509 inductam,
432 2480 509 2510 atque
528 2484 587 2500 cum
609 2473 634 2500 in
651 2473 725 2501 illius
748 2474 781 2502 ad
806 2474 948 2501 Orontium
977 2473 1096 2512 Epistola
1123 2473 1264 2511 nonaginta
1285 2474 1360 2512 prius
1379 2474 1495 2502 homiliae
1510 2481 1612 2503 tantum
1636 2487 1733 2505 memo-

178 2535 189 2550 ι·
200 2528 333 2554 :retitui-,a
349 2520 434 2547 nescio
451 2530 502 2556 qno
518 2526 620 2557 postea,
637 2520 681 2557 qni
698 2520 731 2547 ob
746 2520 861 2549 divisam
878 2521 903 2547 in
914 2520 980 2547 dua>
992 2519 1123 2547 decimam
1141 2530 1251 2551 nonam,
1266 2520 1406 2558 nonaginta
1420 2527 1444 2549 ct
1455 2532 1534 2550 unam
1547 2521 1671 2551 homilias
1686 2534 1733 2552 nu>

178 2566 271 2596 merari
283 2577 292 2593 ι
302 2565 386 2594 idolum
397 2587 402 2598 ,
415 2565 440 2592 in
452 2565 568 2593 camdem
588 2565 732 2604 lfipistolani
747 2565 807 2594 Mlt
818 2577 956 2594 numerum
974 2565 1110 2593 inductum
1127 2565 1216 2593 luisse.
