1876 2926
207 212 273 246 292
537 211 565 232 5.

203 272 288 310 legem
309 271 358 300 Dei
382 271 592 309 transgrediaris,
605 271 648 300 sed
668 278 693 300 et
724 271 811 310 ipsum
841 271 891 298 hoc
911 276 939 298 ut

203 318 282 346 faciat
303 317 434 357 precaris?
454 317 590 356 Numquid
615 328 705 346 eorum
730 327 788 355 quae
814 315 939 355 praecepit

203 363 302 392 oblitus
313 363 509 401 esst’numquid
526 364 596 391 enim
608 364 688 391 horno
708 370 746 391 est
757 362 802 401 qui
824 362 880 390 haee
892 361 938 390 di-

204 410 350 438 xit?De11s
367 417 416 447 est,
441 409 487 448 qui
510 410 597 438 omnia
622 409 708 446 novit,
723 408 768 447 qui
792 408 850 437 vult
870 408 940 446 leges

203 466 264 484 suas
278 463 398 484 accurate
415 456 513 484 servari
530 467 536 483 z
553 462 706 493 tantumque
730 455 804 482 abest
822 461 850 482 ut
863 454 941 482 faciat

203 501 248 530 illa
262 512 319 540 quse
338 502 467 540 postulas,
480 509 508 530 ut
520 502 599 529 etiam
610 508 635 529 te
649 501 694 538 qui
718 500 775 528 haec
788 499 867 537 dicis,
882 506 941 528 tan-

203 553 259 576 tuin
273 548 335 586 quia
355 547 422 576 dieis
437 554 581 583 aversetur,
593 546 706 584 odioque
724 546 831 581 habeat,
855 553 941 574 extre-
957 551 975 574 E

204 604 326 632 mamque
341 594 388 622 abs
405 601 430 622 te
453 604 557 633 poenam
572 599 680 636 repetat.
693 592 834 627 Quomodo
859 592 941 630 igitur

204 639 238 667 ab
253 640 298 667 illo
313 639 435 677 consequi
451 639 579 678 postulas,
594 648 622 666 ea
645 649 703 676 quze
726 648 830 666 summo
852 637 940 666 studio

593 210 733 233 JOANMs*
760 209 941 232 CHRYSOST.
973 209 1126 232 AncmEP.

1156 210 1425 233 CONSTANTINOP.

994 269 1044 309 γὰρ
1055 270 1193 299 ἐπελάθετο
1204 266 1239 299 ὧν
1253 271 1372 307 ἐπέταξε;
1389 272 1425 310 μὴ
1446 272 1497 312 γὰρ
1515 273 1647 312 ἄνθρωπός
1664 274 1731 301 ἐστιν
1744 275 1757 301 ὃ

993 318 1076 344 ταῦτα
1087 315 1181 351 εἷπώη
1192 317 1258 349 Θεός
1273 318 1351 353 ἐστιν,
1367 320 1380 345 ὃ
1393 317 1427 345 τὰ
1438 318 1523 346 πάντα
1535 317 1619 353 εἰδὼς,
1631 318 1675 347 καὶ
1691 317 1756 356 μετὰ

995 361 1128 400 ἀκριῧείας
1139 361 1241 397 ἁπάσης
1252 361 1310 395 τοὺς
1321 364 1411 391 ἑαυτοῦ
1423 362 1574 400 βουλόμενος
1585 363 1757 402 φυλάττεσθαι

993 406 1098 444 νόμους,
1110 407 1154 436 καὶ
1165 411 1283 436 τοσοῦτον
1296 408 1401 447 ἀπέχων
1413 411 1458 436 τοῦ
1478 411 1586 443 ποιησαι
1600 413 1681 438 ταῦτα
1692 409 1759 448 ἅπερ

994 453 1087 489 ἀξιοῖς,
1098 453 1138 482 ὅτι
1149 453 1193 481 καὶ
1209 453 1237 482 σὲ
1248 455 1291 482 τὸν
1304 457 1385 483 ταῦτα
1397 454 1504 493 λέγοντα
1515 455 1560 483 καὶ
1575 454 1639 494 ὑπὲρ
1653 457 1697 483 τοῦ
1716 455 1758 484 λε’-

993 510 1046 536 γειν
1060 499 1135 536 μόνον
1148 500 1350 539 ἀποστρέφεται,
1360 500 1404 528 καὶ
1417 505 1502 538 μισεῖ,
1513 500 1558 528 καὶ
1570 499 1642 534 δίκην
1655 502 1758 529 ἀπαιτεῖ

993 543 1040 578 τὴν
1053 544 1175 582 ἔσχ-ἄτην.
1189 545 1252 578 Πῶς
1263 541 1305 574 οὖν
1318 545 1395 578 ἀξιοῖς
1405 547 1468 585 παρ’
1478 547 1554 574 αὐτοῦ
1568 550 1655 584 τυχεῖν
1672 541 1707 573 ὧν
1717 547 1758 574 αὖ·

993 590 1035 622 τὸς
1047 589 1112 627 μετὰ
1124 592 1221 625 πολλῆς
1236 591 1379 630 ἀπέχεσθαί
1391 603 1419 620 σε
1429 591 1526 619 κελεύει
1542 592 1670 625 σπουδῆς;
1681 590 1758 619 Ἀλλὰ

993 635 1044 674 γάρ
1059 635 1108 664 εἶσί
1118 648 1198 671 τινες,
1210 636 1234 664 οἳ
1245 636 1289 665 καὶ
1300 637 1335 669 εἷς
1345 640 1464 665 τοσοῦτον
1478 636 1584 675 ἀλογίας
1604 636 1698 670 ἥκασιν
1706 659 1713 671 ,
1724 638 1759 669 ὡς

206 685 287 713 vitare
302 686 357 724 ipse
367 685 485 724 przrcipit
494 685 507 712 ἶ)
517 683 569 713 Sed
584 684 693 722 quidam
708 690 768 712 sunt
778 683 823 722 qui
837 683 872 712 ad
882 690 938 712 tan·
947 705 983 722 257
994 680 1030 717 μὴ
1047 680 1123 718 μόνον
1144 684 1195 710 τῶν
1208 683 1305 721 ἐχθρῶν
1322 682 1506 721 κατεύχεσθαι,
1519 681 1586 710 ἀλλὰ
1603 682 1648 710 καὶ
1661 681 1759 714 τέκνοις

203 738 256 759 tam
273 731 414 759 amentiam
439 736 631 769 processerunt,
652 736 681 758 ut
702 739 753 757 non
774 729 854 757 modo
879 740 939 758 eon·
956 732 975 754 A

204 784 242 804 tra
264 777 385 805 inimicos
402 783 551 815 precentur,
565 775 610 803 sed
633 775 713 803 etiam
737 775 801 803 filiis
821 776 939 815 ipsorum

203 822 271 850 mala
297 822 473 861 iinpreeentur
484 844 491 857 ‚
505 828 583 859 atque
603 821 683 849 etiam
708 821 729 849 si
755 821 844 850 liceret
869 822 939 860 ipso-

202 878 261 895 rum
285 878 374 895 carues
394 867 535 905 degustare
555 867 664 903 vellent,
676 866 730 895 imo
753 873 777 894 et
791 866 939 905 degustent.

202 913 240 940 Nc
273 912 341 940 mihi
367 912 470 940 dixeris
481 936 487 946 ,
518 919 543 940 te
568 912 660 940 dentes
686 922 738 940 non
766 912 886 941 infixisse
913 913 939 941 in

202 968 297 996 corpus
307 958 364 997 ejus
377 957 422 996 qui
442 958 509 986 laesit
528 970 533 985 ε
552 968 612 986 nam
627 958 712 986 multo
722 958 844 994 ferocius,
856 969 939 997 quan-

202 1011 257 1032 tum
274 1004 299 1032 in
321 1011 346 1032 te
366 1004 429 1038 fuit,
447 1005 474 1031 in
495 1003 571 1031 illum
596 1003 721 1041 saeviisti,
745 1014 840 1042 rogans
861 1003 939 1033 desu-

202 1060 247 1088 per
276 1050 342 1077 iram
370 1049 396 1077 in
419 1049 497 1077 illum
516 1049 636 1086 immitti,
653 1056 677 1077 et
697 1049 839 1077 immortali
868 1050 938 1078 tradi

200 1096 343 1135 supplicio,
356 1106 469 1133 cumque
483 1102 535 1123 tota
553 1094 633 1123 domo
652 1095 861 1130 everti.Quibus
881 1096 938 1125 haec

201 1142 332 1170 morsibus
342 1142 465 1180 graviora
477 1152 528 1170 non
541 1141 723 1179 suntZ‘quihus
734 1141 792 1169 telis
804 1152 856 1170 non
865 1153 937 1171 acer—

200 1187 295 1216 biora?
310 1188 368 1216 Non
385 1187 443 1215 haec
463 1194 488 1215 te
506 1187 597 1215 docuit
619 1187 754 1223 Christus;
770 1197 821 1215 non
847 1188 885 1216 sic
909 1198 938 1216 os

201 1240 337 1261 cruentare
347 1233 435 1272 jussit.
452 1233 519 1261 Nam
535 1232 690 1271 hujusmodi
705 1233 802 1271 lingum
819 1240 937 1262 eruenta-

201 1279 261 1306 tatis
271 1278 389 1306 humano
399 1279 527 1316 sanguine
536 1278 625 1306 buccis
636 1285 697 1306 sunt
706 1278 856 1308 deteriores.
864 1281 938 1314 Quo-

199 1323 277 1352 modo
292 1324 373 1362 igitur
387 1324 495 1352 fratrem
509 1324 697 1362 amplecteris?
708 1324 841 1362 quomodo
856 1326 937 1354 sacri-

199 1370 290 1397 ficium
313 1370 423 1407 tanges?
437 1369 570 1407 quomodo
591 1369 748 1408 sanguinem
771 1369 937 1399 dominicum

197 1414 361 1453 degustabis,
371 1422 425 1443 tam
444 1415 534 1443 dirum
556 1415 646 1443 animo
660 1425 792 1443 venenum
809 1417 937 1445 servans?

198 1460 312 1494 Quando
326 1460 395 1488 enim
414 1460 491 1496 dieis,
506 1460 632 1499 Discerpe
647 1460 732 1495 illum,
748 1460 805 1499 ejus
825 1460 937 1490 domum

198 1512 293 1541 everte,
304 1505 390 1533 omnia
404 1505 493 1544 perde,
503 1512 527 1533 et
541 1505 622 1533 exitia
637 1505 711 1533 mille
723 1505 884 1544 imprecaris,
897 1506 937 1534 ni-

199 1552 237 1580 hil
251 1551 285 1579 al)
308 1551 441 1579 homicida
455 1550 557 1588 differs,
572 1561 619 1579 nec
632 1561 646 1578 a
660 1551 713 1579 fera
735 1551 865 1580 humanas
881 1562 937 1581 car-

200 1608 243 1626 ues
257 1604 373 1626 vorante.

237 1645 265 1672 9.
281 1644 359 1672 Hunc
377 1645 467 1682 itaque
486 1644 610 1672 morbum
623 1643 788 1682 deponamus
802 1651 880 1682 atque
895 1645 937 1673 fu-

200 1700 298 1724 rorem,
314 1697 338 1718 ct
357 1689 582 1725 benevolentiam,
602 1696 631 1717 ut
649 1689 747 1728 jussit,
761 1690 938 1720 exhibeamus

199 1745 259 1774 erga
274 1736 334 1764 illos
348 1736 393 1774 qui
411 1746 457 1763 nos
471 1735 607 1770 lmserunt,
623 1741 651 1762 ut
675 1734 774 1763 similos
789 1735 872 1764 simus
887 1737 937 1765 Pa-

199 1781 246 1809 tris
259 1781 339 1809 nostri
354 1781 400 1819 qui
416 1781 441 1808 in
458 1780 530 1808 caelis
544 1786 590 1808 est.
608 1780 777 1818 Deponemus
790 1788 878 1809 autem
892 1804 899 1817 ,
914 1782 937 1810 si

200 1834 304 1865 peecata
318 1834 403 1855 nostra
419 1827 446 1855 in
462 1826 617 1855 memoriam
629 1836 798 1862 revocemus;
809 1827 830 1854 si
841 1826 936 1855 delicta

199 1873 286 1900 omnia
306 1879 392 1901 nostra
413 1872 554 1910 diligenter
571 1871 763 1909 examinemus,
773 1883 833 1910 quae
851 1873 935 1909 intus,

199 1929 256 1956 quae
267 1918 340 1954 foris,
352 1929 409 1956 quae
424 1918 450 1946 in
462 1918 528 1953 foro,
538 1928 597 1956 quae
608 1917 633 1945 in
645 1917 762 1946 ecclesia.
775 1919 843 1946 Nam
853 1918 875 1946 si
884 1929 935 1947 non
952 1924 970 1947 C

198 1963 279 1991 aliam
289 1964 323 1991 ob
334 1964 491 1999 causam,ob
502 1963 689 2002 negligentiam
697 1970 792 1999 tamen,
801 1974 881 2001 quam
893 1964 936 1993 hic

199 2009 366 2045 exhibemus,
377 2009 502 2037 extremis
511 2009 586 2047 digni
596 2020 688 2037 sumus
698 2009 865 2048 poenis-Nam
877 2022 936 2049 pro-

199 2055 286 2093 phetis
300 2055 488 2094 psallentibus,
502 2055 628 2093 apostolis
642 2055 757 2093 hymnos
771 2056 935 2093 canentibus,

199 2102 255 2129 Deo
280 2101 414 2139 loquente,
430 2101 493 2129 soris
518 2111 661 2139 vagamur,
677 2108 702 2128 et
716 2101 881 2130 saecularium
895 2113 935 2131 re-

198 2157 257 2174 rum
273 2146 417 2175 tumultum
433 2146 459 2174 in
476 2156 522 2174 nos
548 2145 717 2182 inducimus;
734 2157 816 2185 neque
833 2154 935 2177 tantum

197 2192 294 2230 quietis
309 2199 334 2220 et
347 2191 445 2220 silentii
459 2191 618 2219 adhibemus
632 2191 666 2219 ad
680 2192 730 2220 Dei
744 2192 814 2231 leges
828 2193 935 2223 audien-

196 2238 260 2274 das,
282 2245 410 2276 quantum
430 2237 457 2265 in
483 2237 592 2265 theatris
613 2244 770 2276 spectatores
792 2238 933 2277 adhibent,

195 2283 260 2312 dum
284 2283 457 2322 imperatoriae
481 2282 565 2310 literae
587 2283 720 2321 leguntur.
742 2284 801 2312 Illic
821 2285 892 2314 enim
908 2293 931 2314 et

195 2330 314 2358 consules
331 2336 355 2358 et
368 2329 497 2368 przesecfi,
513 2336 538 2357 et
554 2336 658 2357 senatus
676 2336 701 2358 et
725 2331 841 2369 populus
863 2339 930 2361 stant

193 2386 283 2405 omnes
297 2386 357 2403 eum
373 2375 460 2413 quiete
472 2375 559 2402 omnia
574 2374 726 2411 audientes3
742 2383 767 2404 et
781 2377 802 2404 si
817 2377 877 2415 quis
892 2379 929 2407 in-

193 2431 230 2452 ter
242 2422 327 2450 altum
339 2421 407 2449 illud
421 2421 556 2449 silentium
571 2428 676 2460 repente
691 2422 810 2452 insiliens
833 2424 929 2453 clama-

222 2520 231 2536 s
250 2516 357 2548 Quidam
371 2523 457 2549 σειρνῶυ
468 2518 586 2547 βούλεσθαι
598 2519 695 2547 μᾶλλον.

222 2566 230 2575 <¹
248 2555 335 2580 Morel.
350 2562 415 2581 ποιῶν
426 2556 462 2580 οὖν
472 2559 544 2580 ταῦτα
552 2575 557 2580 .
568 2560 634 2580 ποίων
647 2559 671 2580 ο]
683 2559 840 2590 χαλεπώτερα.

993 727 1139 765 ἐπαρᾶσθαι
1153 731 1206 759 τοῖς
1218 727 1321 756 ἐκείνων
1331 749 1338 763 ‚
1353 728 1398 756 καὶ
1418 729 1501 756 αὐτῶν
1513 727 1565 766 εἴγε
1581 729 1638 762 ἐνῆν
1650 727 1759 766 ἀπογεύ-

993 773 1086 799 σασθαι
1097 774 1147 799 τῶν
1160 771 1278 811 ίσαρκῶν
1287 776 1480 812 προαιρεῖσθαι,
1494 774 1592 811 μᾶλλον
1602 772 1628 801 δὲ
1640 773 1684 801 καὶ
1696 774 1759 802 ἀπο-

991 816 1133 854 γευόμενοι.
1147 817 1191 852 Μὴ
1207 818 1257 858 γάρ
1276 830 1319 856 μοι
1331 823 1405 848 τοῦτο
1419 819 1506 857 εἴπῃς,
1517 818 1557 847 ὅτι
1577 817 1634 851 τοὺς
1655 818 1759 851 ὀδόντας

991 863 1037 890 οὒκ
1048 862 1171 898 ε’νέπηξας
1191 865 1228 902 τῷ
1240 863 1343 902 σώματι
1358 868 1403 893 τοῦ
1423 864 1610 899 λελυπηκότος·
1625 863 1691 892 πολὺ
1707 863 1759 903 γὰρ

991 907 1172 947 χαλεπώτερον
1189 909 1326 945 ἐποίησας,
1340 911 1372 938 τό
1388 922 1417 947 γε
1429 911 1463 942 εἷς
1475 909 1504 938 σὲ
1515 906 1588 946 ἧκον,
1600 909 1679 942 ἀξιῶν
1691 909 1759 938 ἄνω-

992 955 1032 981 θεν
1044 953 1122 993 ὀργὴν
1134 956 1302 994 ἐπενεχθῆναι
1322 958 1379 984 κατ’
1393 957 1483 991 αὐτοῦ,
1502 956 1546 984 καὶ
1567 955 1689 994 ἀθανάτῳ
1708 967 1759 984 πα-

993 1000 1130 1038 ραδοθῆναι
1142 1001 1263 1035 κολάσει,
1280 1001 1324 1029 καὶ
1338 1000 1404 1038 μετὰ
1420 1003 1467 1036 τῆς
1477 1001 1560 1034 οἰκίας
1575 1003 1757 1040 ἀνατραπῆναι

991 1044 1102 1079 ἁπάσης.
1115 1047 1124 1059 ³
1133 1045 1220 1074 Ποίων
1232 1045 1370 1085 γὰρταῧτα
1381 1048 1409 1075 οὔ
1419 1046 1591 1086 χαλεπώτερα
1604 1046 1758 1085 δηγμάτιι)ν;

991 1089 1071 1118 ποίων
1089 1092 1165 1119 ἀελῶν
1177 1092 1205 1119 οὗ
1219 1091 1360 1131 πικρότερα
1368 1104 1375 1127 3
1390 1093 1430 1120 Οὐ
1447 1092 1529 1120 ταῦτα
1541 1104 1569 1120 σε
1584 1091 1733 1120 ἐπαίδευσεν
1745 1093 1758 1119 ὁ

990 1135 1116 1174 Χριστός·
1128 1139 1176 1175 οὐχ
1190 1137 1257 1165 οὕτω
1270 1137 1300 1165 τὸ
1311 1137 1397 1175 στόμα
1412 1137 1546 1175 αἱμάττειν
1558 1137 1684 1166 ἐκέλευσε.
1704 1136 1757 1164 Καὶ

991 1180 1041 1220 γὰρ
1062 1182 1222 1220 ᾑμαγμένων
1241 1183 1377 1220 στομάτων
1399 1183 1451 1211 ἀπὸ
1469 1185 1571 1222 σαρκῶν
1589 1181 1757 1222 ἀνθρωπίνων

991 1226 1173 1266 χαλεπώτεραι
1195 1229 1221 1256 αἱ
1241 1232 1359 1261 τοιαῦται
1372 1230 1495 1267 γλῶτται.
1516 1229 1579 1261 Πῶς
1593 1223 1634 1256 οῧν
1651 1226 1757 1265 ἀσπᾶσῃ

991 1273 1034 1301 τὸν
1047 1273 1170 1312 ἀδελφόν;
1186 1276 1241 1307 πῶς
1256 1275 1309 1313 ἅψῃ
1327 1277 1373 1309 τῆς
1391 1275 1493 1310 θυσίας;
1504 1276 1559 1306 πῶς
1571 1273 1700 1312 ἀπογεύσῃ
1712 1275 1757 1302 τοῖὶ

992 1318 1100 1356 αἵματος
1112 1323 1156 1348 τοῦ
1173 1321 1324 1349 δεσποτικοῦ
1335 1344 1342 1356 ,
1356 1323 1478 1350 τοσοῦτον
1496 1319 1562 1359 ἔχων
1579 1320 1622 1348 ε’πὶ
1642 1321 1690 1353 τῆς
1702 1320 1758 1347 δια-

990 1364 1060 1397 νοίας
1073 1365 1116 1393 τὸν
1137 1365 1187 1401 ἷόν;
1199 1365 1282 1394 ‘'O-cuv
1305 1365 1356 1405 γὰρ
1379 1366 1467 1405 εἴπῃς,
1492 1364 1651 1404 κατάῤῥαξον
1667 1364 1757 1399 αὐτὸν,

991 1409 1036 1437 καὶ
1054 1410 1100 1444 τὴν
1117 1410 1199 1439 οἰκίαν
1215 1411 1367 1451 ἀνάτρεψον,
1385 1412 1430 1440 καὶ
1445 1411 1532 1440 πάντα
1552 1411 1692 1446 ἀπόλεσον,
1711 1409 1756 1438 καὶ

992 1454 1095 1493 μυρίους
1116 1456 1186 1494 αὐτῷ
1200 1455 1317 1495 ὀλέθρους
1336 1455 1465 1494 κατεύχῃ,
1483 1455 1554 1484 οὐδὲν
1570 1453 1754 1494 ἀνθρωποκτό-

990 1511 1033 1527 νου
1047 1500 1196 1539 διενήνοχας
1205 1523 1212 1536 ,
1231 1502 1327 1538 μᾶλλον
1341 1501 1367 1529 δὲ
1381 1500 1585 1540 ἀνθρωποφάγου
1599 1500 1695 1539 θηρίου

1030 1641 1200 1681 Παυσώμεθα
1219 1642 1301 1671 τοίνυν
1311 1645 1358 1678 τῆς
1379 1644 1454 1672 νόσου
1470 1643 1565 1679 ταύτης
1579 1644 1623 1672 καὶ
1637 1645 1683 1678 τῆς
1703 1656 1754 1682 μα-

990 1687 1061 1723 νίας,
1079 1689 1124 1717 καὶ
1138 1688 1186 1723 τὴν
1201 1689 1398 1728 φιλοφροσύνην,
1411 1690 1442 1725 ἣν
1463 1690 1608 1725 ἐκέλευσεν,
1624 1688 1755 1722 ἐπιδειξώ-

991 1737 1056 1772 μεΟα
1066 1734 1126 1773 περὶ
1141 1734 1198 1767 τοὺς
1209 1734 1385 1770 λελυπηκότας
1394 1758 1401 1771 ,
1414 1735 1456 1764 ῗνα
1470 1734 1605 1774 γενώμεθα
1615 1735 1700 1773 ὅμοιοι
1711 1738 1756 1763 τοῦ

990 1779 1094 1819 Πατρὸς
1109 1782 1185 1818 ἡμῶν
1196 1783 1241 1808 τοῦ
1253 1782 1277 1809 ἐν
1289 1785 1342 1812 τοῖς
1356 1782 1479 1820 οὐρανοῖς.
1497 1780 1656 1818 Παυσόμεθα
1671 1780 1712 1816 δὲ,
1724 1780 1754 1809 ἂν

989 1826 1040 1852 τῶν
1061 1825 1160 1853 οἰκείων
1177 1827 1384 1863 ἀναμνησθῶμεν
1407 1826 1620 1866 ἁμαρτημάτων·
1639 1825 1668 1854 ἂν
1690 1825 1756 1864 μετὰ

990 1870 1123 1909 ἀκριὲείας
1144 1871 1247 1899 ἅπαντα
1271 1870 1429 1909 ἐξετάσωμεν
1451 1871 1485 1900 τὰ
1509 1871 1755 1909 πεπλημμελημένοι

989 1917 1062 1953 ἡμῖν,
1073 1914 1106 1943 τὰ
1120 1915 1203 1951 ἔνδον,
1219 1915 1252 1944 τὰ
1267 1916 1330 1951 ἔξω,
1344 1916 1377 1944 τὰ
1389 1919 1414 1945 ἐν
1427 1919 1524 1956 ἀγορᾷ,
1534 1916 1568 1945 τὰ
1583 1918 1608 1945 ἓν
1620 1916 1754 1956 ἐκκλησίᾳ.

990 1961 1023 1989 Εἰ
1038 1960 1089 1999 γὰρ
1104 1961 1212 1998 μηδενὸς
1234 1961 1333 2000 ἑτέρου,
1348 1963 1395 1995 τῆς
1412 1965 1472 1999 γοῦν
1494 1964 1603 1990 ἐνταῦθα
1618 1961 1755 2002 ὀλιγωρίας

988 2005 1035 2040 τὴν
1051 2006 1163 2044 ἐσχάτην
1177 2005 1241 2039 ἄξιοί
1252 2008 1328 2044 ἐσμεν
1339 2006 1412 2041 δίκην
1425 2009 1556 2046 ὑποσχεῖν.
1565 2007 1618 2036 Καὶ
1627 2007 1678 2046 γὰρ
1692 2019 1754 2046 προ-

989 2054 1076 2091 φητῶν
1082 2053 1243 2091 ψαλλόντων,
1252 2052 1296 2080 καὶ
1305 2053 1454 2081 ἀποστόλων
1465 2053 1621 2091 ὑμνούντων,
1633 2053 1677 2081 καὶ
1685 2055 1754 2081 Θεοῦ

990 2098 1169 2136 διαλεγομένου
1178 2098 1238 2133 ,ἔξω
1250 2097 1409 2136 πλανώμεθα
1419 2098 1476 2133 ,καὶ
1489 2100 1616 2136 βιωτικῶν
1629 2099 1754 2138 πραγμά-

988 2155 1039 2171 των
1049 2141 1060 2157 b

1067 2143 1257 2181 ἐπεισαγόμεθα
1270 2143 1385 2183 θόρυὲον·
1397 2144 1441 2172 καὶ
1455 2144 1511 2172 οὐδὲ
1522 2144 1648 2179 τοσαύτην
1661 2144 1754 2173 ἀπονέ-

989 2200 1070 2226 μομεν
1078 2193 1130 2221 τοῖς
1140 2191 1183 2217 τοῦ
1192 2190 1259 2217 Θεοῦ
1274 2189 1362 2226 νόμοις
1376 2189 1423 2224 τὴν
1438 2190 1549 2228 ἡσυχίαν
1557 2213 1564 2225 ,
1576 2190 1638 2225 ὅσην
1647 2195 1698 2223 τοῖς
1709 2193 1754 2219 τοῦ

990 2234 1278 2277 βασιλέωςιγράμμασιν
1293 2236 1318 2262 ἐν
1329 2239 1381 2267 τοῖς
1401 2235 1515 2274 θεάτροις
1529 2237 1553 2264 οἱ
1568 2235 1657 2264 θεαταὶ
1673 2235 1754 2274 παρέ-

987 2292 1062 2319 χουσι
1073 2281 1120 2315 τὴν
1137 2281 1220 2319 σιγήν.
1231 2280 1305 2309 Ἐκεῖ
1321 2280 1367 2318 μὲν
1383 2280 1434 2320 γὰρ
1447 2283 1498 2309 τῶν
1514 2281 1676 2321 γραμμάτων
1691 2280 1752 2310 τού-

986 2338 1037 2355 των
1055 2325 1316 2365 ἀναγινωσκομένιιη,
1328 2327 1372 2356 καὶ
1386 2326 1495 2362 ὕπατοι,
1506 2327 1551 2355 καὶ
1566 2326 1694 2365 ὕπαρχοι,
1708 2327 1752 2355 καὶ

988 2376 1067 2414 βουλὴ
1077 2399 1083 2412 ‚
1103 2377 1146 2405 καὶ
1159 2378 1240 2414 δῆμος
1251 2377 1322 2416 ὀρθοὶ
1331 2377 1425 2409 πάντες
1440 2376 1564 2411 ἑστήκασι
1576 2379 1631 2415 μεθ’
1642 2378 1753 2417 ἡσυχίας

986 2426 1119 2460 ἀκούοντες
1131 2429 1181 2455 τῶν
1194 2427 1339 2466 λεγομένων
1348 2439 1354 2445 ’
1362 2427 1409 2456 κᾶν
1424 2427 1517 2465 μεταξὺ
1528 2429 1575 2463 τῆς
1585 2427 1695 2467 ἡσυχίας
1705 2429 1751 2461 τῆς

1028 2522 1040 2540 ¹³
1059 2521 1106 2545 Alii
1121 2526 1242 2554 ἐπεισάγομ
1248 2533 1276 2547 εν,
