1876 2926
104 1721 169 1743 Rom.
181 1719 244 1750 137.

259 211 327 258 776
591 225 619 248 s.

647 226 785 250 JOANNJS
811 226 995 249 CHRYSOST.
1022 227 1175 250 Alterum).
1204 228 1472 253 CONSTANTINOP-

256 284 336 314 modo
356 285 456 325 majore
475 296 537 315 cum
558 287 704 317 acrimonia
727 287 902 327 respondeat?
924 288 995 322 Quia
1013 291 1029 314 B
1049 289 1187 327 στομίζων,
1201 291 1239 329 τῷ
1255 290 1290 319 τὰ
1307 291 1444 331 ἀπόῤῥητα
1457 292 1540 320 αὐτῶν
1557 294 1592 325 εἷς
1612 292 1688 331 μέσον
1701 294 1818 332 ἀγαγεῖν,

255 330 326 359 enim
338 331 455 369 nequitia
469 339 494 361 et
504 333 619 372 perfecta
635 341 660 362 et
675 334 812 362 manifesta
827 340 892 368 erat,
907 333 995 361 acrius

255 377 351 416 pungit
364 377 434 415 illos,
446 379 533 418 primo
541 380 712 417 confundens,
724 380 887 417 illorumque
895 389 940 407 ora
949 379 994 408 ob-

255 430 367 459 struens,
383 431 411 452 ut
426 432 522 454 secreta
537 425 646 454 illorum
662 426 688 454 in
705 424 824 453 medium
840 424 993 459 adduceret,

254 476 279 498 et
294 470 382 509 palam
397 472 521 499 omnibus
541 471 671 508 redderet,
688 481 743 510 quo
758 470 792 499 ad
809 471 887 499 illum
905 471 994 500 animo

254 517 430 545 accessissent.
446 517 477 545 Id
493 528 571 556 porro
595 517 725 553 faciebat,
742 524 770 545 ut
790 527 880 545 eorum
902 517 995 555 nequi—

254 562 319 590 tiam
333 563 502 601 reprimeret,
515 574 547 591 ue
559 564 622 591 talia
638 563 734 592 iterum
749 562 876 592 auderent
892 563 926 592 ad
942 574 993 592 no-

254 608 375 636 cendum.
391 609 521 642 Quamvis
536 609 616 637 verba
640 610 785 638 honorifica
797 609 943 638 admodum
954 620 994 638 es-

253 662 328 691 sent,
346 665 406 682 nam
421 661 445 682 et
460 655 619 692 magistrum
632 656 776 692 vocabant,
787 663 812 684 et
820 666 954 692 veracem,
969 662 995 684 et

253 711 393 738 personam
410 711 461 728 uon
480 700 655 739 accipientem
668 713 674 728 τ
690 701 736 730 sed
751 703 823 730 Deus
839 712 901 729 cum
915 708 992 737 esset,

253 745 295 773 his
314 746 401 785 decipi
417 756 468 774 non
483 744 592 785 poterat.
614 746 693 776 Unde
715 754 836 787 poterant
851 747 891 775 illi
907 747 994 786 suspi-

253 792 317 827 cari,
342 792 430 831 ipsum
453 802 505 820 non
531 792 702 831 conjectando
724 793 883 832 increpasse,
899 792 946 821 sed
966 791 993 821 id

253 848 307 866 esse
321 838 438 875 siguum,
453 839 532 866 illum
546 846 644 868 secreta
659 850 752 868 eorum
769 850 853 868 nosse.

293 886 321 911 Q.
334 885 388 912 Nec
403 884 466 912 satis
479 884 519 912 illi
533 885 584 912 fuit
600 885 748 924 increpasse
766 897 772 912 ι
789 884 893 913 etiamsi
919 885 993 913 suffi-

253 936 337 966 ceret,
352 929 429 958 illum
444 940 505 958 cum
515 930 635 958 animum
649 941 741 959 eorum
755 930 949 969 redarguisset,
960 930 994 959 de

254 982 325 1004 tanta
342 976 456 1014 nequitia
472 976 601 1016 pudorem
614 977 667 1005 illis
680 976 807 1015 ingerere.
823 977 876 1006 Sed
888 987 939 1005 non
950 977 994 1005 hic

253 1022 332 1059 stetit,
343 1034 437 1051 verum
449 1023 500 1051 alio
510 1023 591 1051 etiam
609 1023 689 1052 modo
701 1023 810 1052 illorum
821 1034 866 1051 ora
877 1023 993 1061 consuit,

253 1079 314 1096 rum
327 1069 382 1097 ait:
402 1070 447 1098 19.
469 1070 617 1098 ostendite
635 1070 707 1098 mihi
720 1071 864 1098 numisma
882 1079 993 1098 census.

252 1116 289 1143 Ut
306 1122 393 1143 autem
408 1115 596 1151 ostenderunt,
612 1125 660 1154 pro
680 1126 754 1144 more
769 1125 817 1144 suo
838 1125 930 1144 eorum
944 1115 995 1143 lin-

252 1171 303 1199 gua
318 1162 474 1190 sententiam
488 1162 572 1199 effert,
587 1162 710 1201 ipsosque
723 1162 864 1191 decernere
877 1161 956 1200 cogit,
967 1161 995 1189 id

252 1207 330 1235 licere
343 1220 348 1235 :
371 1218 429 1246 quae
444 1215 499 1236 crat
513 1207 652 1247 splendida
667 1208 791 1246 claraque
806 1207 927 1237 victoria.
942 1208 995 1235 Ita-

252 1264 304 1291 que
318 1265 379 1282 cum
394 1254 576 1292 interrogaret,
591 1264 642 1282 non
658 1253 782 1292 ignorans
797 1254 975 1292 interrogabat
987 1276 995 1290 ,

252 1300 298 1330 sed
316 1307 343 1329 ut
354 1312 387 1329 ex
408 1301 517 1329 illorum
533 1300 700 1340 responsione
712 1312 768 1330 reos
779 1301 839 1329 illos
853 1311 909 1329 esse
922 1300 996 1329 evin-

252 1354 329 1375 ceret.
342 1348 410 1376 Nam
421 1358 481 1375 cum
496 1347 659 1385 interrogati,
671 1348 719 1376 320.
737 1348 825 1385 Cujus
834 1353 875 1375 est
881 1349 975 1386 imago
984 1349 996 1373 Ρ

253 1393 460 1433 respondissent,
475 1394 606 1429 Coesaris,
617 1393 654 1421 ait
665 1393 725 1421 ille:
738 1395 769 1421 21
781 1415 787 1421 .
799 1393 921 1422 Reddite
932 1403 997 1431 quoe

253 1448 319 1469 sunl
337 1441 459 1469 Caesaris
470 1463 477 1477 ,
493 1441 600 1469 Coesari
612 1462 619 1475 ,
637 1446 663 1467 et
675 1450 739 1478 quoe
754 1447 820 1467 sunt
832 1439 902 1475 Dei,
924 1440 995 1467 Deo.

254 1486 311 1514 Hoc
330 1487 400 1514 enim
415 1496 466 1514 non
482 1485 595 1524 est2daoe
605 1508 613 1523 ,
629 1484 674 1513 sed
689 1484 799 1513 reddere
812 1497 818 1512 :
836 1485 864 1513 id
878 1484 949 1523 quod
963 1495 997 1513 ex

253 1533 368 1571 imagine
390 1540 415 1561 et
437 1543 470 1561 cx
489 1532 661 1572 inscriptione
678 1531 874 1560 ostendebatur.
895 1530 998 1560 Deinde
1015 1542 1033 1564 υ

253 1590 286 1607 ne
304 1579 431 1615 dicerent,
440 1579 635 1607 Hominibusne
647 1589 693 1607 nos
706 1578 815 1617 subjicis
825 1578 837 1606 ,⁰
847 1577 996 1617 subjunxit,

257 1627 296 1654 El
310 1637 374 1664 (111oe
387 1633 454 1654 sunt
467 1626 533 1662 Dei,
549 1626 622 1654 Deo.
638 1625 712 1653 Licet
726 1625 798 1653 enim
811 1631 836 1652 et
843 1623 998 1652 hominibus

256 1682 303 1699 sua
317 1671 442 1707 reddere,
457 1678 481 1700 et
500 1672 556 1700 Deo
567 1670 642 1707 dare,
661 1682 718 1709 quae
733 1671 767 1699 ab
779 1670 931 1699 hominibus
946 1670 997 1709 ipsi

258 1717 398 1745 debentur.
416 1717 479 1745 Ideo
498 1717 565 1745 dicit
583 1716 683 1745 Paulus
698 1728 704 1744 ε
721 1717 845 1746 Reddite
864 1718 996 1746 omnibus

255 1765 351 1792 debila
365 1776 372 1790 :
389 1766 436 1792 cui
454 1763 593 1802 vectigal,
607 1762 734 1802 vectigal
746 1774 755 1789 .-
771 1764 817 1791 cui
838 1764 976 1791 tributum
987 1785 996 1797 ,

259 1813 396 1839 tribulum
406 1823 414 1837 :
425 1812 470 1839 cui
481 1811 627 1845 honorem,
635 1811 784 1838 honorem.
795 1809 839 1837 Tu
862 1819 924 1837 vero
936 1819 998 1837 cum

257 1857 346 1892 audis,
360 1856 452 1885 Redde
459 1867 516 1894 quae
529 1863 589 1884 sunt
598 1854 869 1891 Caesa1·is‚Caesari,de
879 1855 911 1883 iis
922 1854 950 1883 id
957 1866 998 1883 so-

255 1903 313 1932 lum
328 1903 455 1941 intellige,
467 1914 526 1941 quae
542 1902 607 1930 nihil
624 1902 747 1941 pietatem
757 1901 874 1937 laedunt5
886 1901 921 1929 ita
933 1908 962 1929 ut
977 1900 998 1930 si

255 1949 364 1983 lat-dant,
379 1950 436 1987 jam
448 1959 498 1976 non
514 1948 633 1983 Caesaris‚
646 1947 692 1976 sed
706 1946 811 1975 diaboli
826 1947 958 1975 tributum
974 1953 999 1975 et

256 1996 370 2033 vectigal
384 1996 444 2023 sint.
462 1995 523 2023 Haec
537 1994 673 2023 audientes
687 1994 857 2022 obticuerunt
873 1993 959 2029 inviti,
974 2000 999 2022 et

256 2042 412 2080 sapientiam
423 2042 480 2080 ejus
492 2041 617 2069 admirati
632 2047 702 2068 sunt.
719 2039 791 2078 Ergo
807 2039 924 2077 credere,
937 2050 999 2078 ergo
1016 2055 1034 2078 E

255 2096 360 2128 stupere
371 2089 518 2127 oportebat.
530 2088 599 2115 Nam
610 2086 759 2115 divinitatis
771 2096 824 2114 suae
835 2085 1000 2114 demonstra-

255 2135 353 2163 tionem
366 2134 521 2169 exhibebat,
535 2144 597 2161 cum
613 2139 712 2161 secreta
727 2132 878 2168 revelasset,
898 2138 924 2160 et
934 2131 1000 2160 leni-

255 2187 295 2207 ter
309 2181 429 2219 ipsorum
442 2190 488 2207 ora
498 2178 641 2207 obstruxit.
657 2177 730 2213 Quid
746 2177 851 2216 igitur?
866 2188 931 2206 num
946 2188 1000 2207 cre-

255 2225 405 2254 diderunt?
426 2224 557 2260 Minime;
580 2223 625 2252 scd
635 2246 642 2260 ,
663 2224 700 2252 ait
713 2246 720 2259 ‚
744 2226 791 2252 92.
814 2225 999 2253 Dimittentes

256 2282 321 2300 eum
333 2273 467 2300 abierunt
478 2293 485 2305 ,
498 2272 544 2299 95.
558 2276 657 2308 etpost
672 2280 719 2298 eos
731 2276 913 2298 accesserunt
925 2270 999 2299 Sad-

256 2320 356 2346 ducoei.
366 2319 390 2346 O
401 2315 558 2345 amentiam!
568 2317 625 2345 Illis
636 2316 671 2345 ad
680 2316 917 2345 obmutescendum
930 2327 1000 2345 com-

256 2364 340 2403 pulsis
351 2386 358 2399 ,
372 2363 401 2391 hi
415 2362 621 2401 aggrediuntur,
636 2372 698 2390 cum
712 2362 871 2401 oportuisset
894 2362 954 2391 illos
966 2362 999 2390 ti·
1009 2390 1019 2408 6

1048 335 1093 362 καὶ
1107 335 1184 370 δῆλον
1198 335 1282 364 ἅπασι
1296 341 1377 365 ποιεῖν
1394 337 1451 374 μεθ’
1468 336 1523 370 οἵας
1545 339 1614 377 αὐτῷ
1628 338 1819 378 προσέρχονται

1050 380 1171 414 διανοίας.
1195 382 1287 410 Ταῦτα
1309 382 1335 411 δὲ
1359 382 1454 418 ἐποίει,
1479 383 1643 412 ἀναστέλλων
1666 385 1749 412 αὐτῶν
1771 383 1818 420 τὴν

1049 426 1153 463 κακίαν,
1168 426 1236 456 ὥστε
1251 427 1287 466 μὴ
1305 428 1384 457 πάλιν
1396 433 1449 461 τοῖς
1463 430 1548 462 αὖτοῖς
1567 431 1760 469 ἐπιχειροῦντας
1772 442 1820 458 κα-

1048 471 1254 502 ταὲλάπτεσθαι.
1274 473 1368 502 Καίτοι
1388 486 1418 513 γε
1440 474 1473 502 τὰ
1494 474 1599 514 ῥήματα
1624 476 1721 510 πολλῆς
1744 475 1820 514 ἔγεμε

1050 517 1187 556 θεραπείας
1197 529 1203 535 ·
1228 519 1273 547 καὶ
1298 519 1349 559 γὰρ
1377 520 1422 548 καὶ
1447 520 1602 549 διδάσκαλον
1630 520 1747 557 ἐκάλουν,
1775 522 1821 550 καὶ

1048 566 1058 577 ³
1067 563 1190 598 ἀλήθειαν
1201 564 1371 604 ἐμαρτύρουν,
1382 565 1427 594 καὶ
1437 566 1467 594 τὸ
1483 565 1725 606 ἀπροσ(ι)πόλητι·τον
1734 578 1740 584 ·
1753 566 1821 595 ἀλλὰ

1048 608 1115 641 Θεὸς
1124 608 1159 637 ὧν
1174 610 1256 638 οὐδενὶ
1271 610 1368 639 τούτων
1384 611 1578 651 παρελογίζετο.
1589 611 1670 640 ”Ὀθεν
1687 612 1823 646 κάκείνους

1048 654 1128 692 ἐχρῆν
1150 656 1334 694 στοχάζεσθαι,
1356 656 1396 685 ὅτι
1418 659 1446 685 οὐ
1472 660 1623 696 στοχασμοῦ
1642 660 1658 692 ἡ
1683 657 1821 693 ἐπίπληξις

1048 694 1090 735 ἦν,
1107 699 1174 728 ἀλλὰ
1187 699 1314 739 ι’σημεῖον
1331 706 1375 731 τοῦ
1385 702 1419 731 τὰ
1432 702 1569 742 ἀπόῤῥητα
1580 704 1664 731 αὐτῶν
1677 703 1780 732 εἰδέναι.

1087 891 1126 919 Οὐ
1140 890 1190 929 μὴν
1204 892 1282 932 μέχρι
1297 894 1343 927 τῆς
1355 892 1516 927 ἐπιπλήξεως
1531 892 1592 928 ἔστη
1604 904 1610 910 ·
1628 891 1714 921 καίτοι
1727 904 1757 929 γε
1777 891 1823 932 ἤρ-

1011 941 1029 963 C
1047 947 1087 964 κει
1104 937 1179 975 μόνον
1198 938 1337 977 ἐλέγξαντα
1355 938 1401 973 τὴν
1418 937 1525 977 γνώμην
1539 940 1633 974 αὐτῶν,
1647 941 1822 977 καταισχῦναι

1051 982 1135 1010 αὐτῶν
1153 983 1200 1018 τὴν
1212 984 1348 1024 πονηρίαν.
1365 984 1433 1013 Ἀλλ’
1451 985 1499 1023 οὐχ
1509 984 1614 1013 ἵσταται
1629 983 1708 1023 μέχρι
1719 983 1824 1020 τούτου,

1049 1028 1116 1057 ἀλλὰ
1125 1029 1170 1057 καὶ
1182 1030 1275 1069 ἑτέρως
1288 1030 1451 1070 ἀποῤῥάπτει
1463 1032 1546 1059 αὐτῶν
1559 1030 1592 1059 τὰ
1602 1030 1721 1068 στόματα
1730 1041 1736 1047 ·
1747 1030 1824 1059 Ἐπι-

1049 1073 1148 1107 δείξατε
1159 1075 1209 1114 γάρ
1227 1088 1284 1114 μοι,
1301 1076 1380 1115 φησι,
1394 1076 1424 1104 τὸ
1442 1076 1560 1114 νόμισμα
1578 1079 1623 1104 τοῦ
1643 1076 1747 1110 κήνσου.
1769 1076 1824 1104 Καὶ

1048 1121 1084 1152 ὡς
1096 1121 1238 1157 ἐπέδειξαν,
1249 1121 1313 1161 ὅπερ
1326 1122 1366 1150 ἀεὶ
1378 1126 1459 1157 ποιεῖ,
1473 1121 1515 1150 διὰ
1526 1124 1572 1156 τῆς
1586 1121 1689 1150 ἐκείνων
1705 1120 1824 1160 γλώττης

1050 1166 1152 1206 ἐκφέρει
1167 1167 1214 1202 τὴν
1231 1167 1371 1206 ἀπόφασιν,
1382 1167 1427 1195 καὶ
1446 1166 1535 1199 αὐτοὺς
1552 1167 1715 1206 ψηφίσασθαι
1732 1179 1824 1207 παρα-

1050 1213 1186 1249 σκευάζει,
1202 1213 1242 1242 ὅτι
1263 1213 1374 1246 ἔξεστιν·
1394 1213 1458 1253 ὅπερ
1481 1208 1512 1248 ἦν
1537 1212 1648 1253 λαμπρὰ
1673 1212 1717 1241 καὶ
1739 1212 1824 1252 σαφὴς

1050 1259 1119 1294 νίκη.
1136 1259 1222 1288 ‘'ssa-rs
1245 1259 1307 1288 ὅταν
1331 1261 1432 1299 ἐρωτᾷ,
1447 1261 1493 1288 οὐκ
1515 1260 1613 1298 ἀγνοῶν
1638 1261 1736 1299 ἐρωτᾷ,
1756 1259 1824 1288 ἀλλὰ

1050 1309 1107 1337 ταῖς
1129 1305 1237 1338 οἰκείαις
1259 1307 1342 1334 αὐτῶν
1367 1304 1535 1345 ἀποκρίσεσιν
1554 1304 1708 1337 ὑπευθύνους
1731 1303 1821 1338 αὐτοὺς

1050 1354 1159 1386 ποιῆσαι
1178 1351 1340 1390 βουλόμενος.
1357 1351 1467 1385 Ἐπειδὴ
1479 1350 1530 1390 γὰρ
1547 1350 1733 1391 ἐρωτηθέντες,
1746 1349 1824 1384 Τίνος

1050 1400 1066 1432 ἡ
1082 1397 1167 1433 εἰκὼν,
1192 1392 1272 1432 εἶπον,
1289 1397 1436 1436 Καίσαρος,
1452 1396 1545 1436 φησίν·
1564 1396 1685 1425 Ἀπόδοτε
1709 1395 1742 1425 τὰ
1758 1395 1825 1424 Καί-

1052 1455 1130 1483 σαρος
1150 1443 1281 1482 Καίσαρι,
1297 1443 1342 1471 καὶ
1363 1442 1396 1471 τὰ
1410 1446 1455 1471 τοῦ
1475 1444 1543 1471 Θεοῦ
1567 1444 1605 1481 τῷ
1624 1443 1695 1481 Θεῷ.
1711 1444 1751 1471 Οὐ
1773 1442 1824 1482 γάρ

1052 1491 1107 1518 ἐστι
1119 1492 1194 1518 τοῦτο
1209 1490 1309 1524 δοῦναι,
1321 1490 1377 1517 ἀλλ’
1395 1490 1551 1517 ἀποδοῦναι·
1562 1488 1607 1517 καὶ
1622 1491 1697 1517 τοῦτο
1711 1489 1763 1517 ἀπὸ
1777 1491 1824 1524 τῆς

1053 1535 1149 1568 εἰκόνος
1169 1535 1214 1564 καὶ
1230 1534 1282 1563 ἀπὸ
1305 1537 1352 1569 τῆς
1375 1537 1520 1575 ἐπιγραφῆς
1542 1534 1679 1563 δείκνυται.
1694 1530 1762 1563 Εἶτα
1782 1534 1824 1563 ἵνα

1053 1581 1090 1619 μὴ
1105 1581 1223 1616 εἴπωσιν,
1249 1580 1395 1620 ἀνθρώποις
1417 1583 1487 1619 ’ἡμᾶς
1511 1579 1676 1615 ὑποτάττεις;
1695 1580 1825 1620 ἐπήγαγε,

1052 1627 1104 1656 Καὶ
1118 1626 1151 1655 τὰ
1162 1630 1207 1655 τοῦ
1222 1628 1290 1656 Θεοῦ
1301 1629 1338 1665 τῷ
1349 1628 1418 1666 Θεῷ.
1434 1625 1540 1659 Ἔξεστι
1552 1626 1603 1666 γὰρ
1615 1626 1660 1655 καὶ
1680 1625 1825 1666 ἀνθρώποις

1052 1673 1085 1701 τὰ
1100 1674 1183 1701 αὐτῶν
1195 1673 1319 1712 πληροῦν,
1335 1672 1379 1700 καὶ
1394 1673 1454 1711 Θεῷ
1476 1672 1573 1701 διδόναι
1590 1671 1624 1700 τὰ
1638 1674 1675 1712 τῷ
1688 1673 1748 1712 Θεῷ
1762 1674 1826 1712 παρ’

1053 1721 1128 1757 ἡμῶν
1150 1718 1314 1758 ὀφειλόμενα.
1334 1717 1382 1747 Διὸ
1402 1718 1447 1746 καὶ
1468 1717 1572 1750 Παῦλός
1592 1730 1686 1757 φησιν·
1704 1717 1826 1748 Ἀπόδοτε

1052 1769 1118 1793 πᾶσι
1132 1763 1179 1796 τὰς
1202 1764 1322 1803 ὀφειλάς·
1338 1764 1375 1801 τῷ
1398 1764 1441 1792 τὸν
1468 1763 1556 1803 φόρον,
1570 1764 1613 1792 τὸν
1635 1763 1725 1803 φόρον·
1739 1765 1777 1803 τῷ
1797 1764 1828 1793 τὸ

1053 1810 1139 1846 τέλος,
1150 1809 1180 1838 τό
1192 1809 1264 1841 τέλος
1273 1821 1279 1826 ·
1291 1811 1328 1849 τῷ
1344 1809 1392 1843 τὴν
1407 1809 1496 1848 τιμὴν,
1507 1809 1554 1844 τὴν
1567 1809 1656 1847 τιμήν.
1667 1808 1705 1838 Σὺ
1720 1808 1747 1838 δὲ
1762 1808 1826 1838 ὅταν

1054 1856 1181 1895 ἀκούσης,
1209 1855 1302 1888 ἀπόδος
1321 1855 1354 1884 τὰ
1373 1855 1505 1894 Καίσαρος
1524 1855 1654 1896 Καίσαρι,
1675 1857 1761 1884 ἐκεῖνα
1785 1855 1827 1894 γί-

1053 1914 1137 1931 νωσκε
1155 1901 1238 1940 λέγειν
1260 1900 1335 1930 αὖτον
1360 1901 1446 1939 μόνον,
1468 1900 1501 1930 τὰ
1524 1900 1604 1939 μηδὲν
1621 1900 1668 1936 τὴν
1696 1901 1826 1930 εὗσέὸειαν

1052 1948 1277 1987 παραὲλάπτοντα
1287 1959 1292 1964 ·
1309 1949 1343 1979 ὡς
1362 1947 1405 1975 ἐάν
1420 1959 1446 1975 τι
1456 1949 1568 1975 τοιοῦτον
1579 1943 1611 1986 ᾗ,
1623 1946 1708 1975 οὐκέτι
1720 1947 1826 1976 Καίσα-

1055 2005 1108 2033 ρος,
1125 1993 1193 2022 ἀλλὰ
1207 1997 1252 2022 τοῦ
1268 1993 1390 2022 &aemon
1403 1993 1479 2032 φόρος
1494 1992 1548 2021 ἐστὶ
1560 1993 1605 2021 καὶ
1618 1993 1690 2026 τέλος
1702 1993 1732 2022 τὸ
1745 1996 1828 2022 τοιοῦ-

1053 2052 1104 2068 τον.
1118 2041 1210 2068 Ταῦτα
1223 2039 1378 2072 ἀκούσαντες
1390 2038 1625 2077 ἐπεστομίσθησαν,
1648 2039 1692 2067 καὶ
1707 2039 1824 2077 ἐθαύμα-

1054 2098 1101 2115 σαν
1125 2086 1191 2120 ςτὴν
1217 2085 1318 2124 σοφίαν.
1341 2087 1441 2114 Οὐκοῦν
1466 2087 1604 2113 πιστεῦσαι
1625 2087 1714 2124 ἐχρῆν,
1735 2087 1824 2114 οὐκοῦν

1054 2132 1226 2170 ἐκπλαγῆναι.
1242 2131 1295 2160 Καὶ
1314 2130 1364 2169 γὰρ
1379 2130 1497 2165 θεότητος
1510 2131 1595 2163 αὐτοῖς
1615 2130 1747 2169 παρέσχεν
1761 2130 1826 2159 ἀπό-

1054 2176 1140 2212 δειξιν,
1156 2176 1189 2205 τὰ
1208 2176 1344 2216 ἀπόρρητα
1361 2175 1525 2214 ἐκκαλύψας,
1547 2175 1593 2203 καὶ
1614 2176 1670 2213 μετ’
1687 2175 1826 2208 ἐπιεικείας

1054 2223 1145 2256 αὐτοὺς
1165 2223 1329 2261 ἐπεστόμισε.
1350 2221 1386 2250 Τί
1411 2217 1468 2257 οὖν,
1492 2221 1662 2257 ἐπίστευσαν;
1677 2222 1824 2258 Οὐδαμῶς·

1054 2269 1122 2299 ἀλλὰ
1140 2268 1257 2307 Ἀφέντες
1275 2269 1349 2298 αὐτὸν
1366 2269 1492 2303 ἀπῆλθον,
1504 2267 1548 2296 καὶ
1564 2268 1619 2305 μετ’
1637 2266 1728 2300 αὐτοὺς
1747 2279 1827 2307 προσ-

1052 2317 1131 2352 ῆλθον
1143 2318 1166 2344 οἱ
1181 2316 1362 2344 Σαδδουκαῖοι.
1373 2313 1410 2343 Ὢ
1421 2317 1468 2349 τῆς
1481 2313 1577 2346 ἀνοίας.
1588 2313 1712 2342 Ἐκείνων
1723 2315 1826 2342 ἐπιστο-

1021 2390 1043 2408 8⁹
1054 2361 1208 2400 μισθέντων,
1235 2356 1305 2390 οῦτοι
1332 2360 1541 2400 προσὲάλλουσι,
1562 2358 1617 2387 δέον
1643 2358 1826 2398 ὁκνηροτέρους

256 2409 356 2438 midius
370 2409 501 2437 accedere.
517 2408 569 2437 Sed
584 2407 741 2447 hujusmodi
757 2415 795 2436 est
806 2407 934 2445 audacia,
949 2408 998 2436 im·
1017 2418 1037 2440 Α
1054 2408 1181 2448 γενέσθαι.
1197 2407 1276 2436 Ἀλλὰ
1290 2409 1403 2436 τοιοῦτον
1414 2409 1430 2441 ἡ
1444 2405 1587 2445 θρασύτης,
1600 2403 1769 2443 ἀναίσχυντον
1781 2402 1826 2432 καὶ

255 2456 358 2496 pudens
375 2456 569 2495 petulansque,
589 2454 624 2482 ita
645 2461 674 2483 ut
695 2454 740 2482 illa
758 2461 837 2482 tentet
853 2465 913 2492 quae
927 2454 997 2483 effici

256 2513 305 2531 non
329 2508 449 2541 possunt.
467 2501 636 2539 Quapropter
658 2500 819 2539 evangelista
842 2499 874 2529 de
890 2500 998 2530 illorum

288 2602 296 2611 >¹
309 2592 395 2617 Mon-el.
409 2596 490 2620 ἀληθῆ.

290 2634 300 2652 l*
316 2632 361 2656 Alii
375 2638 462 2664 σημεῖον
474 2636 498 2657 τὸ
513 2636 540 2657 τ’)
553 2635 671 2664 ν’περῥητκ
686 2633 770 2655 είῖεόκκ

1055 2454 1156 2492 ἰταμὸν,
1171 2455 1205 2486 ὡς
1223 2453 1268 2482 καὶ
1291 2452 1424 2485 ἀδυνάτοις
1445 2453 1595 2491 ἐπιχειρεῖν.
1614 2449 1665 2479 Διὰ
1686 2453 1760 2479 τοῦτο
1780 2449 1825 2478 καὶ

1054 2503 1067 2529 ὁ
1088 2498 1271 2538 εὖαγγελιστὴς
1291 2498 1499 2537 ἐκπληττόμενος
1518 2499 1601 2526 αὐτῶν
1622 2495 1669 2531 τὴν
1691 2496 1824 2525 ἀπόνοιαν,

1091 2600 1095 2607 .
1114 2589 1198 2614 Morct
1215 2595 1254 2619 τὴν
1269 2594 1353 2625 πυρίαν,
1365 2593 1401 2615 m).
1413 2593 1455 2623 γὰρ
1475 2593 1588 2619 θεότητος,
1603 2591 1701 2617 omissis
1718 2592 1821 2616 caeteris.
