1809 2901
39 2141 46 2148 ²
68 2139 132 2160 Fonte

43 2178 59 2190 11
67 2171 146 2191 nitere.

191 209 234 230 Ὴῐ
815 211 928 233 ΑΝΙΛΝΙ
958 211 1139 234 PROLOGUS.

191 272 397 311 uniuscujusque
423 272 484 302 libri
504 280 605 311 partem
625 272 789 311 exlmsitionc
819 272 964 311 complens,
984 272 1083 310 reliqua
1103 273 1188 300 amica
1213 273 1277 310 sibi,
1301 282 1324 302 et
1350 286 1428 313 quam
1451 278 1638 315 perfectissima
1662 287 1747 317 pom„

189 319 384 356 exhortatione,
401 320 522 358 producit
543 332 548 347 t
565 320 590 347 in
606 320 671 358 ipsis
691 330 795 358 quoquc
818 319 1013 358 expositionum
1038 319 1117 356 locis,
1131 330 1187 358 qua·
1210 320 1319 358 quidem
1341 322 1415 360 plena
1438 331 1497 352 sunt
1519 325 1663 361 acuminis,
1681 337 1746 364 pou-

188 364 274 401 deris,
289 366 495 404 ronsetptentiar,
511 365 681 401 eruditionis,
698 365 834 403 medullae,
857 365 924 393 nihil
940 365 1025 403 magis
1041 365 1150 394 intendit
1166 365 1239 394 aliud
1251 389 1257 401 ‚
1278 378 1401 405 quamne
1416 369 1456 397 vel
1475 370 1572 409 exigua
1589 371 1746 399 moralitatis

190 418 285 450 puncta
311 419 463 450 praeteream
477 413 551 450 quasi
575 413 621 450 qui
643 412 751 440 omnino
773 423 838 451 pene
865 412 936 440 solus
960 412 1101 440 eonsilium
1124 412 1223 441 divinae
1248 413 1313 452 legis
1338 415 1488 453 inspexerit.
1505 416 1571 451 Quae
1590 427 1650 446 cum
1668 418 1745 445 iunu-

190 457 269 484 meris
285 457 428 486 sitintcxta
444 458 542 494 causis,
557 458 592 486 ad
609 468 692 486 unum
708 464 794 486 tamen
817 458 896 485 tinem
911 457 999 485 omnia
1012 457 1130 494 reducit,
1146 465 1174 486 ut
1194 458 1294 486 scilieet
1310 459 1429 488 homines
1448 461 1547 498 quibus
1560 461 1622 490 data
1644 469 1697 498 est,
1712 463 1744 489 ad

189 512 306 530 amorem
329 504 377 531 Dei
399 503 571 542 studiumque
591 503 699 532 virtutis
713 502 846 532 accendat.
863 501 942 537 Quod
963 513 1025 532 vero
1045 503 1116 531 istud
1141 513 1191 531 non
1213 503 1247 532 ad
1269 505 1467 533 ostentationem
1487 506 1629 544 quamdam
1654 507 1745 541 saciat,

189 556 213 576 et
229 550 362 578 foeteutem
378 551 452 580 illam
471 551 560 589 gloria·
581 551 723 580 vanitatem
740 560 800 577 cum
817 556 870 577 tota
885 556 909 577 et
927 549 1053 578 doctrinm
1071 549 1158 586 illius,
1177 558 1201 578 et
1220 560 1338 587 morum,
1353 551 1399 590 qui
1416 552 1496 581 etiam
1512 553 1538 581 in
1560 553 1666 592 seriptis
1690 554 1746 592 ejus

191 595 318 633 relucent,
340 597 515 634 continentia,
530 603 588 625 tum
608 597 687 625 etiam
711 597 771 625 vitae
792 594 854 624 finis
876 596 931 635 ipse
952 602 1063 624 testatur
1079 608 1084 623 :
1102 606 1195 636 nempe
1216 597 1287 625 omni
1306 598 1352 626 ille
1371 608 1490 627 sermone
1506 609 1557 627 non
1578 599 1744 628 solummodo

189 641 323 678 emendat,
344 642 389 670 scd
412 642 491 670 etiam
512 649 600 670 armat
622 641 752 670 auditoris
769 641 896 670 animum.
918 642 1018 681 Nempe
1041 649 1095 671 tota
1117 644 1173 682 ejus
1196 650 1220 671 et
1243 643 1398 683 principalis
1422 645 1532 673 intentio
1548 652 1600 681 est,
1618 656 1670 674 non
1691 653 1744 674 tam

190 688 321 726 privatam
337 689 428 725 istam,
443 696 467 718 et
483 690 551 717 inter
571 699 758 729 prosperorum
780 699 861 728 opaca
878 688 1024 717 latitantem
1046 689 1210 718 honestatem
1229 690 1335 727 docere,
1352 702 1431 728 qnam
1454 691 1527 720 illam
1539 692 1658 730 quotidie
1678 699 1745 721 tam-

190 745 270 771 quam
292 736 317 763 in
338 736 395 764 acie
414 735 598 770 dimicantem,
614 741 638 762 et
657 744 716 772 quae
737 734 836 772 absque
854 734 910 762 ullo
929 734 1070 772 dispendio
1090 736 1130 762 sui
1149 736 1353 764 tribulationum
1374 743 1399 764 ct
1421 737 1538 766 caedatur
1558 737 1706 774 imbribus,
1721 745 1745 766 ct

191 788 283 809 uratur
302 781 456 817 ardoribus,
471 781 607 809 instituere
621 780 756 809 virtutem.
780 780 854 807 Hanc
877 780 962 818 ipsam
977 779 1013 808 ita
1035 779 1081 808 ille
1097 781 1209 819 insignis
1224 782 1348 810 Ecclesiae
1366 783 1491 820 magister
1513 790 1537 811 et
1552 793 1630 812 verus
1645 783 1744 811 Christi

189 828 338 869 discipulus
353 828 488 867 implevit,
502 834 530 854 ut
548 826 593 854 illa
606 825 707 862 onmia,
717 835 774 863 quae
790 824 823 853 de
841 825 978 853 asserenda
994 826 1074 854 etiam
1088 837 1135 865 per
1150 834 1261 856 mortem
1274 828 1372 856 virtute
1387 828 1525 865 disseruit,
1540 839 1591 857 non
1606 836 1661 857 tam
1674 829 1745 866 aliis,

189 886 269 913 quam
285 874 336 902 sibi
347 874 453 901 omuino
468 872 516 900 soli
536 871 682 899 inculcasse
693 870 824 900 videatur.
841 870 962 908 Denique
981 871 1062 900 vitam
1077 872 1152 900 illam
1168 873 1239 901 omni
1256 874 1289 901 ab
1305 874 1478 903 adolescentia
1491 875 1629 903 sanctitate
1641 875 1744 912 fulgen-

191 928 257 957 tem,
273 928 297 948 et
310 921 336 948 iu
352 918 498 947 sacerdotio
513 918 587 946 mille
602 918 753 955 insignibus
769 917 936 956 perfectionis
952 925 1087 955 ornatam,
1104 919 1184 947 etiam
1199 920 1366 958 passionibus
1382 932 1430 959 pro
1441 922 1552 961 justitiae
1568 932 1657 950 amore
1667 921 1745 950 deco-

190 967 267 995 ravit
285 966 365 1000 Quod
390 972 458 993 certe
471 965 551 993 alicui
574 964 701 992 Ecclesiis
718 964 745 992 in
765 974 828 1003 paee
852 963 1011 1002 degentibus
1032 965 1184 1003 provenire,
1203 966 1317 1004 ingentis
1333 967 1430 1004 animi,
1454 968 1599 1006 proculque
1621 967 1655 995 ab
1672 969 1745 997 omni

191 1012 329 1040 hominum
345 1011 428 1049 gloria
444 1017 550 1039 remotae
568 1010 677 1045 mentis,
693 1020 810 1047 raraeque
824 1010 930 1038 omnino
941 1010 1049 1038 virtutis
1060 1017 1106 1038 est.
1122 1010 1201 1045 Quod
1214 1018 1303 1039 autem
1318 1012 1344 1040 111
1362 1013 1473 1051 septimo
1484 1013 1561 1041 istius
1577 1013 1645 1041 libro
1658 1013 1745 1052 operis

190 1058 339 1093 iudicatur,
360 1057 449 1085 adhuc
467 1056 614 1084 Antiochiae
634 1055 773 1094 presbyter
783 1055 854 1091 lime,
869 1056 967 1093 quibus
981 1055 1056 1083 illam
1066 1063 1127 1084 tunc
1144 1056 1290 1085 Ecclesiam
1304 1058 1469 1095 aedificabat,
1480 1058 1578 1097 scripta
1588 1058 1743 1097 composuit.

191 1105 234 1132 Ex
244 1116 295 1143 quo
305 1104 389 1142 magis
399 1103 716 1142 magisqueperspicitur,
728 1103 804 1130 illum
817 1112 868 1130 non
882 1102 1028 1130 temeritate
1035 1103 1150 1140 quadam
1161 1126 1168 1140 ,
1178 1111 1224 1131 aut
1234 1103 1385 1132 dissonante
1397 1115 1410 1132 a
1420 1105 1475 1133 suis
1485 1105 1604 1133 moribus
1613 1105 1742 1142 libertate,

190 1152 215 1178 iu
231 1151 312 1188 regali
328 1157 415 1189 postea
431 1150 496 1177 urbe
509 1150 694 1188 pontificatum
708 1155 848 1185 tenentem,
855 1155 915 1177 nota
925 1149 970 1176 illa
980 1155 1004 1177 et
1012 1149 1129 1177 maxima
1143 1149 1285 1179 adversum
1299 1161 1325 1178 se
1340 1152 1514 1180 commovisse
1525 1151 1666 1180 certamina
1680 1163 1685 1178 :
1699 1151 1745 1180 sed

190 1198 225 1226 ita
241 1209 267 1226 sc
282 1197 427 1225 instituisse
442 1208 552 1235 semper,
560 1203 665 1234 tamque
681 1202 829 1225 constanter
839 1203 917 1234 atquc
931 1196 1044 1225 firmiter
1056 1204 1145 1225 contra
1161 1207 1251 1225 omnes
1266 1197 1419 1235 iniquorum
1430 1206 1556 1235 catervas,
1566 1208 1615 1237 pro
1626 1197 1746 1226 veritatis

189 1256 220 1273 ac
230 1245 340 1284 justitia*
354 1251 427 1283 parte
438 1244 554 1283 jurasse,
570 1251 598 1272 111
611 1243 759 1282 quamlibet
775 1243 902 1273 adversus
916 1253 976 1271 eum
994 1243 1036 1273 vel
1051 1243 1215 1272 sacerdotum
1230 1244 1349 1281 nomina,
1359 1245 1401 1274 vel
1418 1255 1511 1283 regum
1524 1255 1597 1273 arma
1608 1255 1745 1273 concurre-

190 1291 393 1330 rent,depellerc
408 1291 515 1329 quidem
531 1291 607 1319 illum
623 1290 778 1319 sacerdotali
794 1296 898 1329 possent
912 1290 1015 1329 throno,
1026 1301 1161 1329 nunquam
1176 1298 1263 1320 tamen
1277 1291 1407 1330 depellere
1420 1298 1526 1330 possent
1541 1291 1745 1330 1113111316.ορῑί-

190 1350 261 1366 mam
277 1339 365 1377 itaque
381 1338 579 1367 meditationem
592 1338 618 1366 in
629 1338 764 1366 occasione
779 1338 856 1365 rebus
866 1348 1024 1375 exsequens,
1036 1338 1131 1365 maluit
1147 1338 1281 1377 pontificis
1296 1338 1422 1366 honorem
1443 1338 1598 1367 confessoris
1613 1338 1743 1376 dignitate

191 1386 341 1423 cumulare,
360 1396 440 1424 quam
462 1384 609 1413 adulatoris
623 1384 740 1413 soeditate
755 1394 931 1423 corrumpere.
948 1385 1007 1413 Jam
1022 1395 1085 1414 vero
1103 1384 1171 1412 illud
1186 1384 1261 1422 quasi
1276 1384 1409 1423 peculiare
1422 1384 1557 1422 quoddam
1567 1384 1699 1421 custodit,
1714 1394 1744 1412 ac

191 1433 344 1471 proprium,
360 1432 430 1460 unde
446 1443 461 1460 a
481 1438 506 1460 te
520 1431 654 1470 praecipue
668 1442 715 1470 pro
731 1430 907 1459 similitudine
921 1430 1003 1458 studii
1022 1431 1105 1469 possit
1123 1430 1256 1467 adamari,
1269 1431 1340 1469 quod
1359 1431 1459 1460 seilicet
1478 1442 1580 1470 semper
1595 1430 1725 1459 sollicitus
1736 1453 1744 1467 ,

190 1489 292 1517 semper
308 1479 435 1517 vigilans,
445 1478 642 1517 scmpernoxize
658 1477 806 1506 securitatis
816 1477 873 1513 ‚vel
888 1477 975 1516 potius
990 1477 1116 1505 mortiferi
1129 1478 1244 1516 stuporis
1259 1478 1393 1514 inimicus,
1404 1478 1502 1516 ubique
1517 1478 1658 1506 utilitatem
1673 1488 1743 1505 com-

190 1526 340 1564 punctionis
355 1532 528 1564 compunctus
539 1525 594 1564 ipse
608 1524 782 1553 commendat.
799 1524 930 1559 Quocirca
952 1524 1061 1552 forsitan
1072 1525 1129 1563 ejus
1139 1525 1223 1553 oratio
1238 1535 1369 1562 nusquam
1383 1525 1437 1553 sere
1451 1525 1477 1553 in
1490 1535 1615 1564 pompam
1626 1525 1745 1554 elevatur

188 1572 316 1607 dicentis,
329 1573 374 1601 sed
391 1579 443 1600 tota
456 1572 489 1600 ad
505 1572 646 1600 utilitatem
656 1578 762 1610 aptatur
778 1571 918 1599 audientis.
936 1570 983 1598 Est
997 1571 1069 1598 enim
1083 1571 1169 1610 stylus
1181 1571 1249 1610 ipse,
1259 1571 1331 1609 quod
1347 1571 1455 1609 quidem
1465 1571 1492 1599 in
1507 1582 1555 1600 suo
1569 1582 1647 1610 opere
1657 1572 1743 1610 magis

189 1619 365 1648 animadverti
380 1625 478 1658 potest,
494 1618 620 1646 Ecclesiae
634 1618 745 1646 auribus
761 1616 1065 1653 accommodatissimus,
1082 1617 1199 1655 priscum
1215 1617 1295 1651 illud,
1311 1617 1357 1645 sed
1378 1617 1513 1645 eruditum
1534 1617 1638 1645 dicendi
1661 1628 1746 1655 genus

189 1667 341 1704 exprimens
362 1678 367 1692 :
390 1665 508 1701 medius,
524 1665 647 1702 aequalis,
665 1671 802 1699 maturus,
817 1663 947 1702 pudicus,
961 1662 1064 1691 alienus
1081 1662 1152 1691 omni
1174 1663 1208 1691 ab
1224 1663 1332 1691 incuriae
1348 1663 1426 1702 culpa
1447 1674 1598 1702 pompaque
1620 1663 1743 1691 luxuriae.

190 1713 248 1741 Non
271 1712 408 1751 squalidus
427 1711 548 1750 quidem,
571 1722 618 1739 nec
643 1718 730 1738 tamen
746 1710 856 1738 floridus
872 1721 877 1737 :
895 1720 946 1738 non
964 1709 1116 1748 impolitus,
1132 1709 1177 1738 sed
1192 1720 1276 1747 neque
1293 1709 1375 1737 nimia
1389 1710 1537 1738 subtilitate
1551 1710 1675 1738 limatus:
1691 1720 1742 1738 non

190 1760 330 1798 asperitate
343 1758 483 1793 hori-idm,
499 1767 545 1785 nec
562 1764 648 1785 tamen
663 1756 814 1785 amoenitate
830 1756 960 1785 lascivus:
982 1756 1127 1784 maximam
1143 1756 1241 1793 ubique
1255 1755 1357 1794 copiam
1371 1756 1607 1794 admirabilemque
1625 1756 1744 1784 indicans

190 1807 359 1843 facultatem,
380 1815 510 1843 nusquam
526 1811 613 1832 tamen
627 1803 799 1832 ambitionem
821 1802 947 1840 loquendi
963 1815 969 1829 :
987 1812 1016 1830 eo
1032 1802 1062 1830 fit
1074 1825 1080 1837 ‚
1103 1809 1132 1830 ut
1155 1802 1231 1830 illum
1252 1802 1337 1840 magis
1362 1802 1476 1841 simplex
1490 1803 1571 1831 lector
1591 1802 1744 1840 intelligat,

190 1861 214 1881 et
236 1854 325 1882 laudet
342 1853 465 1881 disertus.
481 1851 557 1879 Certe
573 1851 645 1889 quod
658 1851 692 1878 ab
706 1850 766 1878 aliis
781 1860 886 1888 quoque
900 1849 1024 1888 plurimis
1040 1848 1133 1877 audire
1144 1849 1270 1888 potuisti,
1285 1859 1377 1877 omnes
1394 1850 1453 1888 jam
1468 1849 1650 1878 ecclesiasticae
1667 1849 1743 1878 Grae-

190 1910 280 1928 (torum
292 1900 533 1937 bil)liothccze,post
542 1904 595 1925 tam
612 1897 700 1926 varias
714 1903 833 1926 veterum
854 1896 1013 1935 scriptorum
1027 1895 1232 1934 splendidasque
1246 1895 1367 1932 divitias,
1380 1902 1439 1934 post
1455 1903 1492 1924 tot
1503 1895 1648 1934 insignium
1660 1895 1744 1933 magi-

189 1955 303 1975 strorum
319 1954 372 1975 tam
382 1946 452 1974 clara
464 1944 565 1973 lumina
575 1967 583 1981 ‚
596 1944 677 1983 hujus
691 1943 824 1982 praecipue
835 1942 1018 1971 voluminibus
1032 1949 1168 1970 ornantur.
1185 1941 1304 1979 Denique
1318 1948 1343 1969 et
1353 1942 1436 1970 sancti
1451 1942 1544 1970 Basilii
1557 1941 1743 1970 admirabilem

189 1994 262 2022 illam
285 2004 376 2022 curam
400 1992 539 2030 loquendi,
559 1997 583 2019 et
602 1990 726 2018 Antiochi
748 1990 918 2029 plausibilem
941 1999 1081 2028 pompam,
1100 1995 1125 2016 et
1152 1987 1295 2016 sublimem
1317 1988 1394 2016 illum
1419 1988 1543 2027 Gregorii
1565 1988 1742 2027 cothurnum,

188 2042 265 2069 facile
280 2041 413 2079 intelligas
426 2040 476 2067 hac
493 2038 602 2069 Joannis
620 2037 758 2066 medietate
773 2044 903 2076 superata.
925 2037 965 2065 Ita
988 2037 1059 2065 enim
1080 2035 1181 2075 stylum
1196 2045 1288 2072 suum,
1307 2035 1447 2073 inviolata,
1462 2042 1492 2063 ut
1511 2035 1645 2072 diximus,
1658 2035 1743 2063 sacul-

188 2095 241 2116 tate
260 2095 425 2126 regnantem,
445 2086 644 2125 Scripturarum
666 2085 765 2122 ubique
782 2091 806 2112 et
829 2094 921 2123 sapore
945 2083 1058 2119 imbuit,
1079 2089 1103 2110 et
1127 2082 1207 2121 tingit
1223 2082 1325 2110 colore:
1339 2088 1368 2110 ut
1383 2082 1423 2110 illi
1439 2081 1547 2120 quidem
1561 2081 1595 2110 de
1613 2089 1742 2121 apparatu

189 2135 287 2172 eloquii
304 2135 317 2148 *
333 2134 479 2167 remittere,
497 2133 545 2161 iste
557 2142 620 2161 vero
638 2131 672 2159 de
686 2131 821 2170 majestate
832 2130 1034 2169 Scripturarum
1050 2138 1188 2157 coruscare
1202 2128 1331 2158 videatur.
1349 2128 1417 2157 Solae
1428 2129 1463 2157 ab
1484 2139 1513 2157 eo
1528 2128 1637 2157 forsitan
1653 2128 1742 2157 adole-

189 2182 367 2211 scentulorum
382 2181 470 2209 minus
483 2179 580 2207 blande
594 2178 761 2206 mulceantur
775 2188 866 2215 aures,
877 2178 975 2216 quibus
994 2177 1021 2205 in
1035 2176 1099 2205 ludo
1117 2176 1210 2215 positis
1224 2176 1360 2204 literarum
1374 2186 1425 2204 non
1444 2183 1498 2204 tam
1519 2176 1622 2216 placent
1641 2178 1725 2207 solida
1735 2200 1742 2213 ,

190 2240 269 2268 (piam
289 2229 357 2268 picta
363 2251 371 2265 ,
386 2228 483 2266 quique
498 2226 609 2266 pulchra
631 2225 731 2264 potius,
744 2236 824 2263 quam
839 2225 916 2253 utilia
935 2231 1068 2253 sectantur
1079 2246 1086 2260 ,
1103 2233 1149 2251 nec
1166 2229 1220 2251 tam
1237 2222 1340 2261 agentia
1358 2222 1494 2261 diligunt,
1508 2234 1589 2261 quam
1607 2226 1742 2261 sonantia,

190 2276 326 2314 magisque
342 2274 456 2313 gaudent
474 2274 570 2301 florum
591 2272 742 2300 amoenitate
757 2271 912 2311 conspergi,
934 2281 1014 2309 quam
1037 2270 1145 2308 frugum
1168 2270 1287 2297 ubertate
1308 2269 1412 2297 nutriri.
1432 2269 1511 2298 Hunc
1530 2270 1613 2309 igitur
1637 2272 1658 2300 si
1680 2273 1744 2301 satis

190 2325 319 2352 minorem
336 2332 363 2350 se
382 2322 407 2349 111
430 2320 524 2348 Latino
539 2330 665 2359 apparere
680 2319 745 2355 feci,
762 2329 814 2347 non
834 2326 888 2347 tam
908 2319 976 2347 mihi
987 2341 994 2354 ,
1014 2317 1128 2346 Domine
1149 2316 1322 2353 venerabilis,
1342 2327 1422 2354 quam
1437 2317 1486 2345 tibi
1501 2318 1632 2357 imputare
1645 2318 1742 2347 debes:

189 2371 235 2409 qui
255 2380 296 2398 mc
310 2369 343 2397 ad
357 2379 417 2397 eum
430 2366 641 2395 transferendum
652 2373 724 2395 tanto
739 2373 764 2394 et
777 2365 942 2394 auctoritatis
957 2365 1068 2404 imperio
1080 2371 1105 2392 et
1119 2363 1304 2392 blandimento
1325 2363 1442 2392 caritatis
1464 2364 1584 2393 hortatus
1601 2376 1641 2402 cs,
1656 2372 1686 2393 ut
1702 2366 1742 2394 illi

189 2416 306 2456 aliquid,
322 2416 375 2443 imo
389 2425 451 2443 vero
469 2414 615 2453 plurimum
637 2412 670 2440 de
686 2413 785 2441 honore
807 2412 948 2440 dumtaxat
969 2411 1033 2450 styli
1054 2411 1158 2439 auferre
1180 2410 1305 2447 mallem,
1326 2420 1406 2448 quam
1430 2410 1528 2438 crimen
1546 2411 1574 2439 in
1595 2418 1620 2440 te
1640 2412 1743 2440 diutius

191 2461 334 2491 recusando
357 2461 609 2490 e01n1nitterc.Sane
626 2470 672 2499 pro
686 2460 874 2498 qualicumque
895 2459 945 2486 hac
962 2469 1019 2487 mea
1033 2468 1111 2497 opera
1133 2457 1327 2496 amplissimum
1352 2457 1500 2485 orationum
1515 2464 1621 2486 tuarum
1644 2468 1741 2487 munus

190 2521 296 2548 reposco
306 2532 313 2546 ,
334 2520 386 2547 quo
408 2508 507 2536 scilicet
522 2518 583 2543 nos,
601 2514 629 2535 ut
644 2507 765 2546 exemplo
775 2529 782 2543 ,
797 2507 832 2535 ita
848 2506 927 2534 etiam
942 2505 1065 2544 precibus
1084 2505 1136 2533 tuis
1154 2505 1250 2543 juves,
1275 2511 1303 2532 ut
1323 2504 1425 2542 aliquid
1438 2504 1472 2534 de
1488 2505 1560 2534 illius
1575 2506 1627 2535 viri
1641 2506 1740 2535 virtute

190 2557 320 2596 possimus
333 2555 440 2585 imitari.
456 2556 560 2584 Memor
576 2554 656 2582 nostri
668 2561 722 2583 esto
733 2564 835 2594 semper
847 2553 873 2581 in
885 2553 1009 2590 Christo,
1029 2552 1143 2580 Domine
1158 2552 1251 2580 merito
1261 2551 1419 2580 beatissime.
