1809 2901
682 325 1096 402 ANIANI

284 488 413 578 IN
484 487 1496 582 EXPOSITIONEM

503 649 609 684 Dtvl
641 648 862 684 JOANNIS
897 650 1279 694 CIIRYSOSTOMI,

606 723 757 747 EPISCOPt
775 723 1180 750 CONSTANTtNOPOLITANt.

836 819 936 842 SUPER

169 908 340 966 EVA
358 908 770 967 NGELIUM
822 909 1081 966 BEATI
1138 911 1199 968 M
1217 912 1602 984 ATTHAEI,

715 1031 1053 1079 PROLOGUS.

666 1150 891 1168 4306

253 1258 377 1285 Domxo
401 1267 475 1284 xnnss
498 1265 605 1283 smero
627 1265 662 1282 ετ
686 1264 860 1282 BEATiSStMO
881 1254 1018 1282 annrro
1042 1264 1180 1283 muscoro
1206 1258 1347 1286 Amaras.

139 1354 255 1383 piissimi
270 1354 353 1393 patris
367 1353 493 1381 affectum
511 1359 536 1380 et
553 1350 743 1390 sapientissimi
758 1356 842 1378 artem
853 1350 975 1388 magistri
993 1351 1021 1378 in
1035 1361 1077 1379 me
1092 1351 1192 1390 pariter
1205 1362 1326 1390 exerces,
1337 1363 1416 1391 quem
1432 1354 1501 1383 inter
1513 1355 1576 1392 has,
1592 1367 1658 1395 quas

98 1412 146 1440 pro
156 1401 219 1429 lidei
234 1401 373 1430 vobiscum
387 1408 476 1428 amore
490 1398 653 1438 perpetimur
667 1397 843 1425 tentationum
858 1396 1001 1436 procellas,
1017 1403 1041 1425 et
1061 1408 1075 1425 a
1090 1408 1203 1427 moerore
1221 1399 1301 1427 simul
1315 1406 1341 1428 et
1354 1411 1369 1428 a
1389 1407 1496 1440 torpore
1511 1402 1654 1438 subducis,

95 1446 267 1484 animumque
284 1446 416 1474 anxietate
429 1451 591 1473 marcentem
611 1442 644 1471 ad
660 1442 781 1471 studium
795 1442 998 1481 Scripturarum
1012 1443 1134 1472 remittis.
1147 1444 1230 1473 ,Iubes
1252 1445 1336 1481 enim,
1350 1446 1516 1483 beatissime,
1533 1455 1561 1476 ut
1577 1449 1655 1478 Com-

96 1495 254 1522 mentarium
273 1493 354 1522 sancti
369 1493 479 1522 Joannis
493 1489 779 1529 Constantinopolitani
794 1489 927 1528 episcopi,
942 1500 1023 1528 quem
1038 1491 1064 1519 in
1079 1491 1209 1520 Matthoeo
1220 1493 1384 1531 evangelista
1408 1495 1552 1533 nonaginta
1566 1504 1591 1525 et
1607 1508 1658 1527 uno

92 1541 161 1569 libro
176 1540 318 1580 explicuit,
335 1541 361 1568 in
376 1540 500 1568 Latinam
523 1539 659 1577 linguam,
674 1547 727 1575 quo
749 1536 848 1576 possim
873 1547 1008 1573 sermone,
1031 1538 1227 1567 transfundam.
1249 1540 1330 1574 Quod
1351 1541 1454 1569 utinam
1477 1549 1530 1571 tam
1553 1546 1659 1573 anobis

92 1587 230 1616 commode
244 1587 300 1616 fieri
316 1586 414 1626 possit,
429 1596 508 1624 quam
524 1596 538 1613 a
556 1592 580 1613 te
593 1591 619 1613 et
635 1591 783 1623 opportune
797 1589 822 1611 et
837 1582 939 1611 utiliter
954 1583 1111 1622 imperatur.
1129 1585 1203 1619 Quid
1218 1586 1290 1614 enim
1306 1587 1347 1615 vel
1364 1587 1398 1615 ad
1413 1588 1582 1626 prudentiam
1600 1602 1658 1620 eru.

89 1633 187 1669 (fitius,
209 1634 251 1662 vel
272 1633 306 1662 ad
328 1633 544 1661 exercitationem
567 1631 694 1669 ignitius,
708 1630 752 1660 vel
776 1630 811 1658 ad
832 1629 929 1667 dogma
945 1631 1087 1668 purgatius
1109 1638 1261 1660 nostrorum
1283 1634 1394 1661 auribus
1417 1635 1563 1672 offeratur,
1578 1648 1657 1675 quam

91 1680 217 1717 przeclara
232 1680 287 1708 hate
297 1687 351 1707 tam
367 1679 478 1716 insignis
492 1677 575 1705 animi
590 1677 744 1715 ingeniique
758 1677 953 1704 monumenta?
967 1677 1001 1705 Et
1016 1677 1066 1705 boc
1081 1678 1198 1706 maxime
1217 1685 1342 1718 tempore,
1357 1691 1410 1718 quo
1425 1691 1472 1719 per
1491 1683 1654 1712 occasionem

88 1726 264 1764 quarumdam
274 1726 352 1754 nimis
362 1725 515 1752 difficilium
524 1724 709 1761 quzestionum,
717 1722 886 1751 aedificationi
897 1733 1001 1750 morum
1010 1730 1088 1761 atque
1097 1724 1277 1752 ceclesiastieae
1286 1725 1435 1764 disciplina*
1445 1726 1508 1754 satis
1516 1727 1658 1758 insolenter

88 1772 258 1811 obstrepitur.
275 1772 325 1800 Pro
334 1781 386 1809 qua
401 1777 470 1798 certe
484 1771 576 1798 beatus
591 1770 706 1798 Joannes
716 1779 777 1796 cum
793 1768 819 1796 in
841 1768 902 1796 aliis·
917 1768 1055 1806 operibus,
1071 1775 1128 1796 tum
1138 1769 1164 1797 in
1180 1769 1230 1797 hoc
1248 1781 1352 1808 quoque
1367 1778 1457 1800 tantus
1472 1774 1526 1802 sere
1543 1775 1656 1814 ubique,

87 1825 193 1856 tamque
207 1818 292 1846 alacer
303 1816 431 1854 assurgit,
442 1822 471 1843 ut
480 1815 648 1852 evangelistae
666 1814 738 1842 dicta
754 1813 965 1852 interpretando,
981 1825 1029 1853 pro
1044 1814 1196 1852 evangelica
1208 1816 1368 1854 perfectione
1384 1817 1524 1847 nobiscnm
1534 1831 1655 1859 pugnare

87 1864 216 1892 videatur.
230 1864 304 1898 Quid
314 1863 384 1891 enim
402 1862 446 1891 ille
459 1861 543 1899 magis
558 1861 712 1889 hominibus
727 1860 945 1898 inculcat,quam
959 1867 1099 1889 venturam
1114 1871 1189 1888 suam
1205 1861 1381 1899 nobilitatem,
1392 1875 1450 1902 qum
1461 1866 1589 1896 adversus
1598 1871 1654 1897 Ma-

87 1910 180 1937 nichaei
200 1910 299 1937 rabiem
315 1908 435 1937 omnium
454 1914 523 1935 recte
537 1906 697 1945 sapientium
712 1916 840 1934 consensu
858 1913 1038 1944 concentuque
1057 1906 1201 1934 laudatur?
1214 1908 1353 1937 Laudatur
1367 1918 1456 1939 autem
1472 1913 1513 1941 vel
1529 1913 1554 1941 in
1570 1915 1654 1943 adruiv

85 1957 176 1985 rabilis
187 1957 298 1995 gloriam
314 1954 479 1989 conditoris,
488 1955 529 1982 vel
544 1954 579 1982 ob
592 1953 747 1982 concitanda
759 1953 846 1982 studia
859 1953 980 1988 virtutis,
990 1954 1032 1982 vel
1047 1953 1081 1981 ad
1095 1954 1250 1992 castiganda
1261 1956 1327 1984 vitia
1349 1958 1503 1997 voluptatis.
1514 1961 1601 1996 Quid,
1612 1962 1651 1990 in-

83 2014 173 2042 quam,
183 2003 298 2042 pressius·
309 2003 353 2031 ille
362 2000 622 2039 commendatarum
635 2000 758 2038 ingenitae
768 2000 844 2028 nobis
852 2010 867 2027 a
878 2001 934 2028 Deo
945 1999 1075 2028 libertatis
1085 2000 1223 2040 decus-,cuj
1229 2012 1258 2029 us
1271 2002 1399 2031 confessio
1409 2006 1573 2045 przecipuum
1587 2008 1655 2037 inter

85 2059 130 2077 nos
143 2050 305 2087 gentilesque
327 2048 470 2076 discrimen
485 2053 523 2075 est
533 2047 546 2074 ἶ)
560 2046 614 2081 Qui
630 2046 765 2074 hominem
782 2045 818 2074 ad
835 2046 981 2084 imaginem
997 2046 1046 2074 Dei
1061 2046 1212 2082 conditum,
1222 2054 1277 2076 tam
1292 2049 1433 2079 infeliciter
1448 2052 1495 2080 fati
1512 2054 1636 2083 violentia
1649 2079 1654 2088 ,

83 2101 107 2122 et
121 2094 246 2134 peccandi
256 2100 349 2134 putant
359 2093 510 2122 necessitate
520 2092 683 2129 devinctum,
692 2099 720 2120 ut
736 2092 757 2120 is
766 2092 844 2120 ctiam
857 2092 998 2130 pecoribus
1013 2091 1132 2121 invidere
1147 2095 1400 2131 cogaminQuidille
1409 2096 1538 2128 adversus
1548 2101 1651 2129 eosdem

83 2140 223 2177 magistros
244 2140 333 2178 potius
351 2139 479 2173 insinuat,
499 2148 578 2175 quam
598 2137 646 2165 Dei
669 2147 724 2165 esse
741 2136 878 2175 possibilia
901 2137 1042 2173 mandata,
1059 2144 1083 2165 et
1098 2138 1235 2167 hominem
1258 2140 1339 2169 totius
1360 2142 1401 2170 vel
1416 2154 1474 2180 qua:
1488 2145 1649 2182 jubeturvel

82 2187 208 2215 suadetur
221 2197 235 2213 a
248 2187 303 2214 Deo
319 2195 441 2224 capacem
451 2195 506 2213 esse
520 2183 627 2213 virtutis
638 2183 651 2210 ἶ)
660 2183 721 2218 Quo
728 2182 837 2221 quidem
846 2184 943 2220 solo,et
958 2183 1086 2221 iniquitas
1100 2184 1134 2212 ab
1149 2184 1297 2223 imperante
1311 2188 1479 2226 propellitur,
1488 2197 1512 2218 et
1523 2193 1649 2229 przevari-

81 2234 150 2261 canti
166 2240 252 2261 reatus
262 2232 389 2269 alligitur.
405 2233 464 2260 Jam
480 2241 542 2259 vero
558 2230 606 2258 iste
616 2229 783 2258 eruditorum
797 2229 879 2257 decus
890 2252 897 2266 ,
911 2240 972 2258 curn
985 2229 1018 2258 de
1030 2231 1078 2258 Dei
1092 2231 1177 2269 gratia
1185 2231 1310 2269 disserit,
1325 2241 1422 2271 quanta
1436 2235 1508 2264 illam
1521 2238 1648 2269 ubertate,

81 2286 178 2317 quanta
193 2279 272 2306 etiam
288 2278 408 2305 cautione
422 2274 604 2305 concelebrati
620 2276 679 2304 Non
693 2275 764 2303 enim
781 2282 819 2303 est
835 2275 861 2304 in
877 2276 1006 2304 alterutro
1021 2283 1067 2304 aut
1083 2276 1220 2314 incantus,
1235 2285 1281 2306 aut
1301 2279 1417 2316 nimius,
1434 2281 1478 2309 sed
1495 2283 1521 2310 in
1538 2291 1649 2322 utroque

81 2327 240 2355 moderatus.
258 2326 301 2354 Sic
322 2326 417 2353 liberas
438 2323 551 2352 ostendit
566 2323 706 2352 hominum
724 2323 872 2352 voluntates·
884 2346 891 2359 ‚
907 2330 935 2351 ut
955 2323 989 2351 ad
1005 2323 1053 2351 Dei
1070 2330 1155 2353 tamen
1172 2325 1294 2353 mandata
1309 2326 1428 2355 iacienda
1443 2328 1542 2358 dirime
1556 2332 1648 2368 grafia,

81 2373 256 2401 necessarium
280 2372 378 2409 ubique
399 2371 511 2399 fateatur
532 2370 688 2398 auxilium:
711 2369 749 2397 sic
770 2369 927 2397 continuum
944 2369 1043 2398 divinat
1065 2370 1157 2408 gratia}
1182 2371 1319 2400 auxilium
1345 2374 1526 2411 commendat,
1551 2383 1579 2403 ut
1603 2388 1648 2405 nee

79 2422 166 2449 studia
190 2420 336 2449 voluntatis
358 2418 498 2447 interimat.
524 2418 592 2447 Cum
619 2425 706 2445 autem
727 2417 754 2445 in
780 2417 882 2445 cunetis
904 2418 957 2445 sere
987 2416 1115 2446 doctrina:
1138 2418 1274 2457 partibus,
1298 2426 1355 2447 tum
1381 2421 1515 2460 praecipue
1544 2423 1569 2451 iu
1602 2436 1645 2453 ex>

78 2467 226 2496 hortatione
247 2467 358 2501 morali,
380 2473 457 2504 atque
479 2466 504 2493 in
522 2465 645 2493 erunibus
659 2465 845 2493 ecclesiastica:
862 2464 962 2502 regulis
976 2464 1141 2504 disciplinae,
1165 2466 1201 2493 ita
1221 2473 1372 2495 nostrorum
1389 2469 1503 2497 concinit
1525 2481 1571 2508 per
1588 2472 1643 2499 uni>

79 2524 153 2542 versa
173 2513 324 2548 sententiis,
345 2519 373 2540 nt
393 2522 437 2540 eos
459 2522 524 2550 pene
544 2522 610 2549 quos·
634 2522 781 2549 numquam
807 2510 892 2547 vidit,
909 2511 1016 2539 omnino
1033 2510 1065 2538 ad
1090 2522 1194 2539 omnen)
1216 2512 1416 2552 Scripturarnnl
1443 2515 1643 2553 intelligentiam

78 2560 232 2588 informasse
257 2559 386 2587 credatur.
407 2560 514 2593 Quanto
538 2558 608 2586 enirn
634 2558 810 2593 exhortandi,
842 2558 870 2587 id
892 2565 948 2595 est,
974 2558 1132 2587 emendandi
1147 2581 1154 2595 ,
1178 2559 1219 2587 vel
1245 2559 1326 2587 etiam
1355 2562 1500 2590 exornandi
1525 2563 1644 2592 homines

80 2617 168 2636 amore
192 2613 326 2642 teneatur,
342 2606 391 2634 hoc
411 2605 543 2644 pra-cipue
565 2615 642 2643 opere
658 2605 785 2633 declarat.
809 2606 836 2633 ln
852 2615 906 2643 quo
926 2615 986 2633 eum
1009 2605 1152 2644 susceperit
1167 2607 1381 2635 commentatoris
1400 2608 1532 2646 osticium,
1548 2617 1644 2638 certam
