1809 2901
773 146 952 170 PREFATto.
1603 150 1608 170 1
1617 149 1637 172 11

81 213 126 242 ille
138 223 187 252 pro
201 212 275 241 virili
288 211 402 247 excutit,
415 210 581 248 ostenditque
602 210 694 247 illam,
711 219 771 247 quae
790 208 872 238 verbo
888 214 965 236 tenus
982 217 1038 235 esse
1059 206 1166 235 videtur
1175 229 1183 244 ,
1203 207 1412 245 dissonantiam,
1425 208 1526 237 nuttam
1542 219 1633 238 revera

81 270 135 288 esse
140 271 148 296 ;
162 259 274 297 indeque
286 257 439 297 procedere,
453 257 527 295 quod
539 257 582 287 vel
596 257 663 285 alter
676 256 839 294 evangelista
858 253 1006 283 secundum
1019 253 1100 282 aliam
1114 254 1153 282 rei
1168 254 1262 283 faciem
1278 254 1306 282 id
1320 254 1392 293 quod
1404 255 1505 283 factum
1517 262 1555 283 est
1567 256 1633 284 refe-

82 312 137 341 rat;
151 305 190 333 uti
206 305 270 333 solet
282 303 416 341 accidere,
432 314 492 332 cum
507 315 541 332 cx
553 303 664 332 diversis
677 301 869 342 spectatoribus
889 299 1011 330 eamdem
1026 311 1083 328 rem
1098 301 1262 329 intuentibus
1273 301 1343 329 alius
1357 301 1431 329 aliud
1443 302 1636 340 apprehendit;

82 352 125 381 vel
137 351 209 389 quod
221 351 299 380 etiam
313 350 412 379 diversi
427 351 594 388 evangelistae
609 350 714 380 diversa
729 349 804 388 signa
818 354 842 376 et
856 347 986 376 miracula
1001 354 1116 376 narrent.
1128 347 1160 376 Id
1171 347 1244 386 quod
1255 347 1401 376 admodum
1414 348 1566 387 probabile,
1580 349 1634 376 imo

81 405 182 426 certum
192 409 248 426 esse
258 397 474 436 deprehenditur.
489 399 587 426 Omnes
597 398 696 436 quippe
705 396 886 433 evangelistae,
901 402 1041 434 postquam
1057 394 1130 432 signa
1146 394 1269 433 quaedam
1282 395 1419 434 speciatim
1433 403 1635 427 recensuerunt.

81 444 178 473 addere
190 445 273 474 solent
286 444 431 473 identidem
440 467 448 481 ,
462 445 546 473 multa
554 444 608 472 alia
618 444 692 481 signa
703 443 795 471 fecisse
807 444 898 472 Jesum
911 454 917 469 ε
928 441 1110 480 adjiciuntque
1124 452 1175 469 non
1190 442 1283 479 semel,
1295 442 1341 470 illa
1356 449 1428 470 tanto
1440 453 1496 470 esse
1508 452 1634 477 numero,

81 498 110 519 ut
126 502 177 519 non
191 492 293 531 possint
303 492 439 519 recenseri.
449 490 554 529 Ecquid
564 491 663 519 mirum
673 490 728 518 siin
739 496 809 517 tauta
822 489 961 526 signorum
974 488 1217 526 miraculorumque
1228 489 1305 528 sylva
1318 488 1388 516 alius
1399 487 1474 516 aliud
1482 479 1633 516 describere

81 538 115 566 sit
126 538 287 576 aggressus?
303 538 371 566 Hinc
384 549 447 567 vero
461 538 558 566 miram
570 538 619 566 Dei
632 538 682 566 hac
698 537 725 565 in
740 547 768 565 re
780 535 977 575 providentiam
1000 534 1129 564 declarari
1152 535 1286 564 contendit
1298 535 1508 575 Chrysostomus
1523 547 1528 562 :
1540 546 1602 563 nam
1613 534 1635 563 si

83 592 198 622 quatuor
208 585 378 623 evangelistae
390 596 430 613 res
443 585 548 613 easdem
559 584 652 613 eodem
664 594 772 623 prorsus
784 581 862 611 modo
877 582 1084 617 recensuissent3
1100 582 1122 611 si
1141 582 1241 621 singuli
1261 582 1353 611 eadem
1377 583 1446 621 ipsa,
1460 593 1518 620 qum
1534 582 1635 621 priores

83 639 267 667 narraverant,
278 632 335 660 sine
345 632 434 670 aliquo
449 631 605 660 discrimine
613 654 620 667 ‚
631 631 687 659 sine
698 630 880 659 additamento
895 629 1045 657 retulissent
1059 641 1065 656 ι
1080 628 1107 657 id
1118 628 1151 658 de
1159 628 1291 657 industria
1303 636 1328 657 et
1341 629 1461 657 consulto
1473 629 1572 657 factum
1581 638 1637 656 esse

83 677 172 706 visum
184 678 283 706 fuisset.
297 681 330 706 At
341 689 411 707 nunc
426 689 486 706 cum
501 677 667 716 evangelistae
680 687 731 705 non
744 687 784 705 res
796 683 824 704 ut
838 676 872 704 ab
886 676 947 704 aliis
955 676 1012 714 jam
1025 675 1179 715 descriptae,
1196 675 1241 704 scd
1253 683 1281 704 ut
1294 676 1337 704 vel
1350 676 1384 703 ab
1398 686 1425 704 se
1437 675 1500 704 visa¹
1515 676 1633 709 fuerant,

84 724 126 752 vel
140 735 154 752 a
169 724 222 753 side
234 725 323 763 dignis
346 725 457 753 testibus
475 731 639 763 receperant,
654 730 789 761 enarrent,
804 722 886 751 fidem
900 722 1008 750 omnino
1029 729 1171 751 merentur.
1193 722 1334 760 Siquidem
1354 729 1467 761 quatuor
1481 729 1542 750 suut
1557 729 1635 750 testes

84 781 201 807 veraces,
213 771 258 809 qui
272 771 294 799 si
306 782 321 799 a
335 771 469 810 prioribus
480 771 537 809 jam
551 770 622 798 dicta
640 770 764 798 referrent
780 776 882 798 tantum
893 792 900 805 ,
915 780 963 808 pro
975 780 1027 796 uno
1040 769 1137 797 censeri
1158 769 1292 798 deberent.

125 817 165 845 Ad
179 817 235 846 haec
248 828 311 847 vero
326 818 469 856 Scripturae
481 817 599 853 literam,
625 816 647 845 si
659 816 724 854 qnid
738 827 792 855 prae
802 827 829 844 se
839 815 905 844 ferat
916 815 1085 843 difficultatis
1096 838 1103 851 ,
1116 816 1232 855 explieat
1244 816 1301 853 ille,
1316 822 1342 844 et
1352 815 1461 854 quidem
1474 822 1543 843 recte
1555 825 1637 854 appo-

85 864 202 902 siteque:
218 865 254 893 ita
270 872 298 893 ut
312 865 332 893 si
348 865 408 903 quis
421 871 446 893 et
462 864 566 892 literam
578 871 603 892 et
617 874 723 891 sensum
738 870 817 901 atque
828 863 919 898 ἠθικὴν
934 862 1105 901 disciplinam
1128 870 1198 892 recte
1219 863 1316 891 callere
1328 863 1404 899 velit,
1416 863 1438 891 is
1453 862 1637 902 Chrysostomi

85 911 217 940 Homilias
231 912 258 939 in
272 911 430 940 Manlianum
445 911 534 946 adeat;
547 911 638 949 ibique
649 911 703 939 fere
717 910 805 938 omnia
820 910 945 949 reperiet,
955 920 1013 947 quae
1026 916 1087 937 suut
1102 917 1221 939 veterum
1246 910 1424 939 monumentis
1442 917 1535 939 testata
1554 909 1638 937 consi-

84 965 222 996 gnataqne.
234 959 264 986 In
279 959 402 986 omnibus
412 958 531 986 homiliis
543 957 652 986 moralia
665 963 794 996 praecepta
803 967 950 995 gravesque
961 955 1154 984 admonitiones
1164 963 1311 985 extremam
1323 967 1425 996 semper
1435 956 1570 985 concionis
1580 967 1639 995 par-

84 1012 136 1033 tem
149 1012 286 1044 occupant.
302 1005 341 1033 lbi
355 1006 399 1033 ille
413 1005 514 1033 subditi
526 1005 577 1033 sibi
590 1004 682 1043 populi
693 1004 760 1033 vitia
773 1010 905 1039 recenset,
916 1003 1046 1041 illumque
1054 1002 1089 1031 ad
1101 1003 1228 1032 virtutem
1237 1003 1423 1043 capessendam
1436 1004 1516 1031 acuit.

125 1052 228 1080 Divites
240 1062 307 1091 saepe
319 1052 404 1091 carpit
417 1062 460 1080 eos
468 1074 476 1088 ,
488 1051 535 1089 qui
546 1051 764 1090 intemperantius
778 1051 833 1079 suis
845 1050 942 1089 opibus
953 1050 1110 1085 utebantur,
1121 1050 1220 1088 quique
1233 1050 1413 1089 parasitorum
1423 1050 1530 1089 agmine
1541 1050 1638 1087 cincti,

85 1098 154 1137 gulae
168 1106 193 1127 et
205 1099 323 1127 ebrietati
333 1098 433 1127 dabant
447 1098 566 1137 quotidie
580 1109 695 1137 operam.
710 1098 775 1126 Illos
785 1104 873 1125 autem
893 1097 1027 1136 praecipue
1048 1097 1209 1133 insectatur,
1222 1097 1267 1135 qui
1283 1108 1317 1126 ex
1328 1098 1398 1125 male
1417 1097 1501 1136 partis
1513 1104 1537 1126 et
1553 1108 1586 1126 ex
1600 1109 1641 1126 ra-

86 1145 147 1184 pina
159 1156 221 1184 opes
234 1146 373 1184 parabant.
385 1146 414 1174 In
428 1146 478 1174 hoc
490 1156 572 1184 genus
593 1145 733 1173 hominum
753 1144 900 1183 praesertim
921 1144 1074 1179 invehitur,
1097 1143 1238 1182 nullasque
1258 1154 1310 1172 non
1330 1144 1440 1172 adhibet
1462 1145 1547 1173 minas
1561 1152 1641 1182 atque

88 1198 210 1228 terrores,
225 1193 372 1231 gehennam
387 1193 526 1232 ignemque
537 1199 665 1221 aeternum
678 1191 810 1220 intentans
823 1203 829 1218 :
844 1202 895 1229 qua
915 1191 989 1219 nulla
1012 1198 1098 1230 potest
1112 1201 1167 1219 esse
1179 1191 1274 1219 fortior
1289 1199 1381 1220 contra
1393 1192 1491 1221 vitium
1505 1199 1529 1221 et
1543 1204 1639 1222 eoncu-

87 1239 243 1277 piscentiam
254 1239 403 1278 disciplina.
420 1240 475 1269 Hac
484 1246 540 1268 arte
550 1239 653 1267 illicitis
665 1238 850 1278 voluptatibus
862 1238 966 1267 deditos
978 1238 1116 1276 frangebat
1131 1249 1161 1266 ae
1175 1239 1423 1277 perterrefaciebat,
1437 1239 1472 1267 ita
1489 1247 1515 1267 ut
1529 1250 1641 1278 111ῑο5011-

88 1292 126 1315 tes
133 1287 239 1315 contriti
251 1286 337 1314 cordis
349 1287 423 1325 signa
435 1287 536 1315 darent.
547 1288 580 1314 At
591 1285 670 1314 semel
682 1285 783 1313 foribus
794 1285 906 1323 egressi,
919 1285 1020 1323 inquit,
1033 1285 1120 1324 prisca
1131 1286 1284 1324 repetebant
1297 1298 1302 1313 t
1315 1297 1375 1314 nam
1385 1309 1391 1321 ,
1404 1293 1432 1314 ut
1444 1287 1481 1315 ait
1494 1287 1550 1323 ille,
1562 1287 1642 1315 timor

89 1333 274 1362 non‘diuturni
284 1334 409 1371 magister
420 1340 458 1362 est
472 1333 569 1367 officii,
584 1339 608 1361 et
623 1333 710 1360 malus
724 1332 909 1361 diuturnitatis
935 1339 1023 1360 custos
1037 1339 1076 1360 est
1091 1338 1193 1368 metus,
1207 1331 1257 1360 nisi
1273 1332 1433 1361 intercedant
1452 1344 1528 1361 amor
1542 1340 1567 1362 ct
1579 1334 1643 1362 affe-

88 1388 155 1410 ctus.
167 1381 282 1409 Divitias
294 1382 463 1420 autcmjuste
474 1387 562 1420 partas
573 1380 599 1408 in
614 1387 671 1408 tuto
683 1379 754 1415 loeo,
766 1379 793 1407 in
808 1379 871 1408 ezelo
886 1389 992 1418 nempe,
1006 1390 1052 1418 per
1065 1389 1160 1407 manus
1172 1389 1321 1418 pauperum
1336 1380 1500 1418 reponendas
1514 1392 1569 1409 esse
1583 1392 1641 1420 per-

89 1435 167 1467 petuo
176 1427 307 1456 decantat.
320 1428 486 1467 Largitiones
499 1438 561 1456 vero
573 1438 606 1456 ex
620 1427 713 1466 rapina
728 1426 770 1455 vel
782 1437 815 1455 ex
827 1437 907 1455 usura
918 1427 1015 1463 tactas,
1031 1437 1078 1454 ceu
1095 1437 1193 1455 munus
1212 1426 1407 1464 abominabile,
1423 1428 1532 1467 respuit.
1551 1428 1642 1457 Innuit

90 1486 168 1514 porro
181 1486 214 1504 ex
223 1476 404 1514 frequentibus
418 1474 645 1512 monitis,multos
660 1481 724 1502 tunc
739 1473 887 1502 Antiochia}
898 1474 991 1507 fuisse,
1001 1474 1046 1512 qui
1060 1484 1188 1513 pauperes
1198 1473 1497 1513 spoliando,facultates
1508 1483 1642 1513 augerent.

128 1523 237 1559 Fastus,
251 1534 325 1551 vanae
339 1523 445 1561 gloriae,
455 1522 666 1561 arrogantiaeque
680 1531 771 1550 censor
792 1527 953 1560 perpetuus,
969 1521 1031 1548 illos
1044 1521 1162 1559 exagitat
1176 1521 1222 1559 qui
1242 1521 1395 1560 splendidas
1411 1529 1541 1551 struerent
1556 1523 1625 1552 aedes
1635 1547 1641 1559 ,

89 1570 279 1609 supellectilem
291 1570 402 1598 nimiam
414 1576 601 1607 congererent,
613 1579 708 1597 currus
727 1574 851 1596 ornarent
871 1578 937 1596 auro
958 1574 1135 1606 argentoque,
1151 1574 1176 1595 et
1196 1568 1350 1605 sequacium
1364 1569 1526 1597 famulorum
1542 1577 1645 1598 turmas

90 1617 140 1645 sibi
153 1624 344 1656 compararent.
359 1617 389 1645 In
399 1616 543 1644 mulierum
555 1626 660 1654 quoque
674 1615 771 1643 luxum
791 1615 941 1652 frequenter
960 1614 1097 1642 invehitur
1113 1626 1118 1641 ε
1132 1615 1223 1642 sucum
1236 1622 1259 1643 et
1274 1615 1409 1654 pigmenta
1419 1638 1426 1651 ‚
1441 1617 1515 1654 queis
1529 1627 1608 1656 genas
1620 1625 1645 1646 et

90 1664 160 1692 labia
179 1664 324 1692 venustatis
344 1674 422 1691 causa
442 1662 609 1698 inficiebant,
627 1664 778 1697 παθητικῶς
795 1660 936 1697 describit,
956 1661 1111 1698 cultumque
1130 1661 1210 1689 talem
1221 1668 1249 1689 nt
1261 1662 1317 1689 risu
1327 1661 1441 1699 dignum
1462 1663 1587 1692 traducit.
1599 1664 1641 1693 Si-

92 1711 199 1749 mulque
209 1710 329 1749 deplorat
339 1711 469 1749 juvenum
480 1709 618 1737 lasciviam
626 1731 634 1746 ,
647 1709 756 1737 illicitos
777 1718 896 1745 amores,
906 1708 1005 1736 fastum
1017 1708 1112 1744 etiam,
1123 1719 1202 1746 quem
1216 1708 1250 1736 ad
1263 1719 1346 1747 usque
1365 1710 1513 1740 calceorum
1532 1712 1644 1740 formam

91 1757 204 1786 ridicule
221 1757 405 1786 extendebant.
430 1757 512 1784 Rixas
531 1756 738 1793 inimicitiasque
759 1755 916 1795 proscribit,
932 1762 960 1783 nt
982 1755 1105 1783 instituto
1127 1755 1281 1785 Christiano
1297 1767 1331 1785 ex
1348 1756 1479 1786 diametro
1501 1761 1643 1799 oppositas;

91 1815 259 1843 amoremque
277 1805 422 1833 fraternum
432 1803 613 1840 commendat,
626 1809 655 1831 ut
667 1802 766 1831 Christi
779 1813 919 1831 servorum
930 1808 1064 1830 tesseram.

132 1852 322 1881 Ilistrionicam
335 1858 359 1880 et
370 1850 509 1879 theatralia
519 1849 668 1890 spectacula
682 1856 810 1890 perpetuo
825 1849 923 1889 carpit,
938 1850 1048 1878 damnat
1062 1856 1087 1878 et
1100 1849 1254 1889 proscribit,
1266 1857 1291 1878 et
1300 1851 1362 1889 jure
1376 1852 1484 1890 quidem
1498 1866 1504 1881 :
1520 1865 1581 1883 nam
1593 1856 1641 1884 im-

91 1898 264 1938 pudicissima
285 1905 349 1926 tunc
371 1908 448 1926 scena
471 1904 541 1934 erat,
563 1897 729 1936 spurcissimi
745 1903 864 1933 actores,
877 1903 902 1925 et
923 1896 1161 1936 impudentissimae
1182 1896 1306 1925 mulieres
1326 1909 1386 1936 qua)
1404 1899 1439 1928 ad
1461 1900 1644 1932 histrionicam

91 1945 300 1980 adhibebantur;
314 1945 348 1972 ita
362 1952 390 1972 ut
404 1944 482 1972 nudae
495 1950 676 1983 comparerent
687 1943 713 1972 111
723 1943 845 1972 omnium
854 1950 995 1982 conspectu
1005 1965 1012 1979 ,
1029 1942 1106 1971 nudae
1118 1950 1239 1972 natarent
1251 1943 1278 1972 in
1289 1944 1398 1983 piscinis
1409 1948 1527 1985 aquariis
1538 1948 1571 1977 ad
1585 1960 1643 1978 cam

92 2003 147 2021 rem
162 1992 315 2031 compositis
326 2003 332 2019 :
343 2002 395 2030 qua
407 1998 477 2031 peste
490 2002 550 2029 qua?
560 1997 661 2030 poterat
671 2001 727 2019 esse
739 1991 840 2029 major,
854 2001 912 2028 quae
928 1990 1087 2029 capitalior?
1101 1990 1129 2019 Si
1140 2001 1216 2018 scena
1228 1991 1328 2029 qumvis
1339 1993 1442 2021 nonnisi
1454 2006 1515 2023 cum
1526 1997 1644 2035 periculo

92 2046 176 2078 potest
186 2039 270 2075 adiri,
285 2038 387 2076 ecquod
400 2038 468 2066 illud
482 2045 536 2066 erat
547 2038 711 2077 perieulum,
727 2047 790 2066 cum
801 2036 851 2065 sub
866 2037 951 2066 oculis
963 2037 1083 2065 omnium
1099 2043 1153 2065 tam
1167 2037 1297 2066 obscoenzr.
1312 2049 1352 2067 res
1367 2040 1565 2071 offerebantur?

132 2086 177 2114 Sic
188 2086 232 2114 ille
244 2086 310 2115 vitia
323 2085 561 2123 omnia'diligenter
575 2084 752 2120 eliminanda,
766 2085 895 2113 virtutem
918 2083 1038 2112 studiose
1055 2084 1267 2123 amplectendam
1288 2084 1379 2123 ducet,
1396 2088 1561 2127 castitatem,
1572 2102 1645 2119 amo-

93 2143 146 2161 rem
162 2134 306 2161 sraternum
316 2155 323 2169 ,
339 2132 497 2171 injuriarum
510 2131 686 2167 oblivionem,
702 2131 856 2170 patientiam
869 2131 895 2159 in
908 2130 1036 2159 adversis.
1053 2130 1259 2171 Eleemosynam
1275 2143 1337 2160 vcro
1350 2144 1400 2162 non
1417 2135 1443 2163 in
1456 2135 1529 2163 hisce
1543 2144 1644 2166 tantum

93 2180 119 2208 in
143 2180 301 2208 Matthaeum
321 2179 455 2214 homiliis,
471 2178 515 2207 scd
535 2179 614 2207 etiam
629 2178 654 2206 in
665 2178 725 2206 aliis
740 2178 839 2217 passim
858 2178 984 2217 operibus
1003 2177 1169 2206 commendat
1182 2185 1205 2206 et
1220 2179 1311 2207 laudat
1327 2191 1332 2206 ε
1346 2187 1424 2219 atque
1435 2181 1521 2212 fatuas
1530 2183 1647 2223 virgines

94 2225 152 2254 ideo
162 2237 195 2254 ex
209 2227 326 2254 thalamo
341 2226 454 2265 nuptiali
469 2226 590 2253 exclusas
601 2225 681 2253 fuisse
695 2225 747 2261 ait,
759 2225 831 2264 quod
846 2225 1020 2265 eleemosyna:
1035 2236 1142 2264 operam
1157 2236 1208 2254 non
1222 2225 1365 2255 dedissent.

133 2273 265 2311 Quodque
275 2283 442 2312 summopere
452 2271 662 2309 observandum,
673 2279 697 2300 et
707 2272 834 2301 virtutem
844 2272 869 2300 in
881 2282 989 2310 genere,
1002 2278 1027 2299 et
1042 2272 1153 2300 virtutes
1164 2272 1302 2311 sppciatim
1314 2274 1460 2311 quaslibet,
1470 2275 1647 2317 philosophia:

94 2321 198 2349 nominc
210 2321 309 2360 passim
321 2320 435 2348 celebrat
450 2331 455 2346 z
470 2319 497 2347 id
507 2319 668 2357 quodetiam
680 2319 705 2347 in
715 2319 776 2348 aliis
789 2320 846 2359 ejus
857 2319 982 2358 operibus
995 2318 1160 2347 observatur.
1175 2319 1218 2347 Sic
1234 2331 1259 2359 p.
1276 2320 1314 2348 135
1324 2343 1331 2356 ,
1343 2321 1378 2357 Β,
1391 2321 1517 2351 debeata·
1527 2325 1649 2363 Virginis

94 2378 188 2407 sponso
197 2367 311 2406 Josepho
322 2366 388 2394 dicit
403 2378 409 2393 ε
424 2367 480 2394 llic
493 2368 592 2405 itaque
602 2367 723 2395 multam
734 2367 842 2404 Joseph
855 2366 979 2395 ostendit
990 2366 1216 2404 philosoplu'am,
1231 2367 1381 2406 φιλοσοφίαν
1395 2379 1502 2408 :neque
1513 2373 1588 2400 enim
1602 2383 1650 2401 ac-

95 2417 205 2444 cusavit
219 2415 313 2449 illam,
330 2425 422 2452 neque
435 2415 617 2451 atyn-obraviz
632 2414 689 2449 illi,
701 2414 751 2443 sed
769 2415 913 2442 dimittere
929 2420 1042 2441 tantiam
1057 2415 1204 2451 cogitabat
1214 2425 1221 2449 ;
1231 2420 1255 2441 et
1268 2425 1293 2452 p.
1312 2416 1376 2451 wo,
1390 2415 1419 2452 C,
1431 2415 1456 2444 in
1469 2416 1545 2453 illud,
1566 2421 1650 2448 Beati

95 2464 146 2501 qui
154 2463 402 2500 persequutionem
417 2463 569 2499 patiuntur
578 2467 694 2499 propter
703 2462 848 2499 justitiam
862 2474 868 2489 .-
888 2462 951 2488 Ilm:
962 2467 1013 2496 est,
1031 2460 1132 2498 inquit,
1146 2462 1264 2489 virtutis
1287 2471 1387 2497 causa,
1400 2473 1450 2500 pro
1465 2464 1588 2493 aliorum
1602 2467 1651 2494 (le-

95 2509 299 2546 sensione,pro
309 2510 425 2545 pietate.
443 2508 592 2536 Iustitiam
608 2509 684 2535 enim
699 2508 770 2536 solet
785 2518 894 2546 semper
904 2517 1011 2535 vocare
1023 2513 1111 2535 totam
1124 2509 1228 2535 (mitum
1241 2508 1456 2547 plzt'lnsoplu'mn
1468 2522 1474 2537 ι
1488 2511 1650 2547 δικαιοσύνην

98 2555 147 2594 γὰρ
163 2555 249 2584 εἴωθεν
263 2555 302 2584 ἀεὶ
318 2555 363 2590 τὴν
381 2555 484 2584 ἅπασαν
505 2554 587 2592 λέγειν
605 2557 651 2589 τῆς
669 2555 754 2592 ψυχῆς
776 2554 941 2593 offirmas-sav:
961 2561 982 2582 et
997 2565 1021 2593 p.
1036 2554 1107 2589 105,
1128 2554 1142 2580 Α
1154 2576 1160 2584 .
1179 2553 1213 2581 ait
1231 2553 1256 2582 iu
1274 2564 1340 2583 nova
1363 2565 1442 2592 quam
1459 2556 1483 2583 in
1498 2557 1578 2585 reteri
1594 2558 1651 2595 tego
