1866 2931
64 1357 150 1380 Manli.
165 1356 203 1379 25.

63 1388 103 1410 35.

74 2528 159 2551 Manli.
175 2526 212 2549 25.

75 2560 103 2582 33

217 205 263 238 80
530 215 558 236 5.

214 277 249 305 ad
261 276 407 315 gehennam
421 275 562 304 damnatus
578 282 624 304 est.
639 276 708 304 Nam
722 286 780 314 quae
791 275 862 303 dicta
877 282 951 311 sunt,

213 323 301 361 figura
316 323 424 351 illorum
448 323 579 350 e1·ant.¹Ut
591 322 674 361 igitur
685 322 703 350 ii
716 322 762 360 qui
777 322 804 350 in
818 322 952 350 fornacem

587 214 727 236 JOANNJS
753 214 935 236 CHRYSOST.

214 370 363 398 inciderunt
373 391 379 401 ,
397 369 464 397 1111111
475 369 544 408 passi
559 375 633 405 sunt;
648 369 692 407 qui
714 379 776 397 vero
789 369 852 397 foris
863 375 951 402 erant,

214 426 309 454 magna
325 426 385 443 cum
400 415 564 443 vehementia
581 422 642 443 sunt
656 415 757 454 abrepti
775 427 780 442 :
798 415 835 443 sic
849 421 873 442 et
888 422 952 442 tunc

212 461 278 498 erit3
300 462 384 490 sancti
403 462 451 500 qui
474 473 522 501 per
538 462 654 490 fluvium
676 461 783 499 igneum
809 460 952 497 incedunt,

213 508 282 535 nihil
304 508 439 546 ingratum
459 507 607 546 patientur,
630 507 675 535 sed
697 507 748 534 11011
769 506 951 544 apparebunt;

212 554 258 592 qui
270 561 357 583 autem
368 554 511 592 imaginem
520 553 710 587 adoraverunt,
724 552 812 590 ignem
822 551 952 580 videbunt

213 600 239 628 in
253 611 280 628 se
289 600 383 638 quavis
399 600 453 628 fera
464 599 558 628 saevius
573 599 733 631 irruentem,
748 604 773 625 et
785 597 856 625 intus
872 604 951 625 attra-

213 645 327 674 hentem.
357 647 449 684 Itaque
473 645 496 673 si
520 645 580 683 quis
607 644 753 682 geliennam
778 654 828 671 non
851 643 950 680 eredit,

212 691 281 720 hauc
292 692 386 721 videns
400 693 533 720 fornacem
542 714 548 724 ‚
562 702 575 718 a
588 690 762 730 praesentibus
785 691 873 718 futura
894 701 950 718 cre-

211 737 273 766 dere
292 738 406 773 ediscat,
423 749 453 766 ac
466 748 498 765 ne
512 737 601 765 timeat
619 736 782 775 paupertatis
805 736 950 772 fornacem,

211 784 256 812 sed
269 785 357 824 potius
377 786 509 812 fornacem
530 783 639 822 peccati.
654 782 716 810 Hire
727 783 796 810 enim
810 790 833 810 et
846 783 951 811 flamma

212 837 237 858 et
248 830 324 858 dolor
339 837 389 865 est3
401 830 446 858 illa
460 840 522 858 vero
534 839 576 857 ros
587 835 611 856 et
622 828 733 866 requies.
746 829 775 856 In
791 828 836 856 illa
848 829 952 857 fornace

213 882 263 904 stat
273 876 408 908 diabolum
421 876 445 903 iu
464 876 513 903 liae
527 874 614 912 angeli
630 874 792 902 excutientes
807 874 950 902 flammam.

253 923 301 950 12.
319 922 381 949 Hau*
396 921 503 948 audiant
519 920 615 948 divites
625 942 631 953 ‚
642 919 688 958 qui
702 920 865 958 paupertatis
880 920 953 948 flam-

212 977 285 995 mam
295 966 451 994 accendunt.
468 965 634 1004 Pauperibus
649 965 719 993 enim
735 965 802 993 1111111
813 966 953 1002 nocebunt,

211 1023 270 1040 rore
286 1013 351 1051 ipsis
371 1011 591 1051 superveniente3
616 1022 643 1039 se
664 1022 725 1039 vero
750 1011 820 1050 ipsos
839 1012 953 1040 flammis

210 1058 332 1093 tradent,
353 1070 418 1096 quas
434 1058 483 1097 ipsi
501 1058 615 1097 propriis
630 1057 754 1085 manibus
768 1057 951 1086 accenderunt.

213 1105 291 1133 Tunc
306 1105 415 1143 angelus
430 1103 565 1132 descendit
580 1103 614 1132 ad
626 1114 720 1143 pueros
730 1115 738 1139 ς
750 1104 807 1142 jam
828 1114 890 1132 vero
905 1115 952 1132 nos

211 1153 247 1181 ad.
256 1153 357 1191 eos,qui
367 1153 393 1180 111
401 1153 505 1180 fornace
512 1151 674 1192 paupertatis
683 1150 953 1187 sunt,desceudamus,

212 1205 237 1227 et
251 1209 298 1237 per
313 1198 508 1237 eleemosynam
529 1209 616 1226 rorem
631 1197 767 1236 pariamus
782 1219 789 1233 ‚
805 1197 954 1225 flammam—

212 1255 263 1282 que
277 1244 443 1272 excutiamus
456 1265 463 1279 ,
488 1250 517 1271 111
532 1254 592 1271 cum
619 1243 673 1271 illis
690 1253 846 1270 coronarum
871 1242 954 1271 simus

213 1297 365 1325 eonso1·tes;
388 1296 468 1327 utque
482 1289 606 1327 gehenuae
629 1289 765 1317 ssamniam
780 1289 879 1316 Christi
901 1299 955 1317 vox

213 1337 331 1365 excutiat
352 1336 458 1371 dicens,
473 1337 654 1364 Esurientem
670 1347 713 1363 me
726 1336 853 1370 vidistis,
870 1341 896 1363 el
907 1346 956 1373 pa-

217 1385 308 1412 vistis.
322 1383 385 1411 Haec
401 1382 472 1410 enim
487 1393 541 1410 vox
556 1389 619 1410 tunc
634 1381 710 1409 nobis
724 1392 772 1420 pro
792 1392 851 1409 rore
871 1380 955 1409 aderit

214 1441 261 1469 per
296 1429 410 1458 mediam
439 1429 574 1456 flammam
606 1427 726 1455 sibilans.
757 1427 956 1455 Desceudamus

214 1478 302 1516 itaque
315 1488 377 1505 cum
389 1476 554 1515 eleemosyna
571 1475 597 1503 in
614 1475 749 1503 fornacem
766 1475 930 1514 paupertatis
949 1487 954 1501 :

251 1583 260 1592 x·
277 1572 364 1598 Morel.
376 1579 400 1596 et
413 1572 452 1596 alii
465 1577 598 1600 έκπεςᾱντες.

251 1615 263 1632 b
281 1612 327 1637 Alii
344 1617 439 1638 ἀπιστεῖ.

967 213 1120 236 ARCHIEP.
1151 213 1417 236 CONSTANTINOP.

1008 286 1067 303 νων.
1081 274 1183 314 Ὥσπερ
1199 269 1242 303 οὖν
1257 276 1381 311 ἐνταῦθα,
1401 276 1424 304 οἱ
1446 273 1492 313 μὲν
1515 276 1525 288 ²
1536 273 1689 311 ἐμπεσόντες
1704 273 1774 302 οὐδὲν

1009 320 1112 355 ἔπαθον,
1128 323 1151 349 οἱ
1166 319 1192 348 δὲ
1205 319 1253 353 ἔξω
1266 320 1407 358 καθήμενοι
1423 319 1488 358 μετὰ
1501 320 1599 353 πολλῆς
1619 319 1775 358 ἡρπάγησαν

1009 369 1054 402 τῆς
1066 366 1250 406 σφοδρότητος·
1267 366 1334 395 οὕτω
1356 367 1400 395 καὶ
1421 366 1480 395 τότε
1499 366 1586 394 ἔσται’
1600 367 1623 393 οἱ
1645 364 1691 402 μὲν
1708 365 1776 403 ἅγιοι

1009 414 1052 442 διὰ
1063 417 1107 442 τοῦ
1117 416 1235 450 ποταμοῦ
1246 416 1290 442 τοῦ
1304 413 1383 452 πυρὸς
1396 412 1548 451 βαδίζοντες,
1562 411 1631 441 οὐδὲν
1643 410 1776 440 πείσονται

1010 459 1098 494 ἀηδὲς,
1113 459 1180 487 ἀλλὰ
1195 458 1238 487 καὶ
1258 459 1360 498 φαιδροὶ
1378 462 1530 497 φανοῦνται·
1543 459 1566 486 οἱ
1583 457 1610 486 δὲ
1625 457 1672 492 τὴν
1689 456 1776 485 εἰκόνα

1008 504 1241 544 προσκυνήσαντες,
1258 504 1363 543 ὄψονται
1380 504 1410 532 τὸ
1427 507 1479 543 πῦρ
1500 505 1584 535 αὐτοῖς
1598 502 1686 542 Θηρίου
1697 503 1776 540 χαλε-

1008 549 1123 588 πώτερον
1135 550 1230 582 παντὸς
1242 551 1374 585 ἐπιπηδῶν
1382 573 1389 586 ,
1400 550 1444 578 καὶ
1459 549 1582 577 καθέλκειν
1603 548 1682 576 ἔνδον.
1693 547 1776 576 εὨστε

1008 595 1077 627 εἴτις
1090 594 1101 609 ¹’
1110 596 1239 624 διαπιστεῖ
1250 598 1281 634 τῇ
1297 595 1384 634 γεέννῃ
1393 618 1399 630 ,
1411 594 1506 629 ταύτην
1521 593 1580 622 ἰδὼν
1595 593 1642 628 τὴν
1656 592 1776 631 κάμινον,

1009 641 1060 669 ἀπὸ
1079 643 1128 669 τῶν
1147 641 1281 680 παρόντων
1300 641 1443 670 πιστευέτω
1456 645 1508 673 τοῖς
1527 640 1666 678 μέλλουσι,
1679 638 1724 667 καὶ
1739 638 1776 676 μὴ

1007 686 1135 724 φοὲείσῡω
1156 686 1245 720 πενίας
1265 687 1391 725 κάμινον,
1414 686 1481 715 ἀλλὰ
1503 685 1633 725 ἁμαρτίας
1657 685 1775 722 κάμινον.

1008 733 1092 760 Τοῦτο
1106 732 1151 770 μὲν
1174 732 1225 772 γὰρ
1241 732 1302 771 φλὸξ
1319 732 1363 761 καὶ
1378 731 1463 767 ὀδύνη,
1478 733 1560 760 ἐκεῖνο
1579 730 1605 759 ’δὲ
1628 729 1716 770 δρόσος
1732 730 1776 758 καὶ

1007 777 1101 809 ἄνεσις.
1113 778 1226 817 Κάκείνῃ
1239 778 1285 816 μὲν
1296 780 1328 816 τῇ
1339 777 1442 816 καμίνῳ
1452 776 1614 816 παρέστηκεν
1625 778 1639 804 ὁ
1649 775 1775 807 &diffulm-

1006 823 1087 862 ταύτῃ
1103 823 1129 852 δὲ
1142 824 1246 862 ἄγγελοι
1260 823 1424 856 τινάσσοντες
1435 823 1481 858 τὴν
1494 822 1586 862 ψλόγα.

1048 920 1139 948 Ταῦτα
1158 920 1321 948 ἀκουέτωσαν
1336 921 1359 947 οἱ
1373 920 1555 953 πλουτοῖἷντες,
1572 919 1595 947 οἵ
1609 917 1656 953 τὴν
1668 917 1776 955 κάμινον

1007 967 1053 1000 τῆς
1067 965 1156 998 πενίας
1172 966 1336 998 ἀνοίπποντες.
1355 965 1486 998 Ἐκείνους
1501 964 1546 1003 μὲν
1561 964 1612 1004 γὰρ
1627 963 1697 992 οὐδὲν
1716 963 1777 1001 βλά-

1007 1012 1093 1050 ψουσι,
1108 1014 1154 1046 τῆς
1169 1010 1259 1051 δρόσου
1280 1011 1493 1051 παραγενομένης
1514 1012 1612 1042 αὐτοῖς·
1633 1008 1738 1042 ἑαυτοὺς
1750 1007 1777 1038 δὲ

1008 1056 1174 1096 εὐχειρώτους
1189 1057 1342 1096 ἐργάσονται
1357 1059 1388 1095 τῇ
1410 1057 1485 1096 φλογὶ
1493 1079 1500 1091 ,
1512 1056 1543 1090 ἦν
1555 1059 1564 1070 ⁰
1576 1056 1627 1084 ἀπὸ
1642 1057 1693 1083 τῶν
1705 1054 1776 1083 ἰδίων

1009 1103 1109 1141 οἷν-ἧψαν
1125 1103 1229 1142 χειρῶν.
1245 1101 1312 1130 Τότε
1324 1101 1369 1140 μὲν
1385 1097 1427 1130 οὖν
1441 1103 1548 1141 ἄγγελος
1564 1101 1712 1140 συγκατέὸη
1724 1105 1778 1133 τοῖς

983 1177 988 1184 ,
1007 1149 1096 1177 παισὶν
1113 1148 1232 1180 ἐκείνοις·
1245 1148 1300 1176 νυνὶ
1314 1147 1341 1176 δὲ
1356 1151 1432 1186 ἡμεῖς
1453 1153 1505 1181 τοῖς
1526 1150 1551 1177 ἐν
1571 1147 1674 1186 καμίνῳ
1687 1145 1777 1178 πενίας

1008 1189 1064 1223 οὖσι
1076 1194 1281 1233 συγκαταέῶμεν
1289 1217 1296 1229 ,
1307 1195 1351 1223 καὶ
1362 1194 1405 1222 διὰ
1415 1196 1462 1228 τῆς
1475 1193 1647 1231 ἐλεημοσύνης
1662 1191 1777 1233 ἐργασώ-

1009 1243 1074 1278 μεθα
1091 1240 1189 1279 δρόσον,
1201 1240 1246 1268 καὶ
1258 1240 1429 1278 ἐκτινάξωμεν
1443 1240 1490 1274 τὴν
1503 1239 1596 1278 φλόγα,
1610 1238 1653 1267 ἵνα
1665 1238 1710 1268 καὶ
1725 1241 1776 1267 τῶν

1009 1286 1140 1325 στεφάνων
1150 1288 1232 1314 αὐτῶν
1241 1284 1374 1324 γενώμεθα
1385 1284 1502 1314 κοινωνοί
1510 1296 1516 1302 ·
1524 1284 1566 1313 ἵνα
1579 1285 1623 1313 καὶ
1634 1284 1682 1319 τὴν
1694 1284 1778 1324 φλόγα

1008 1335 1054 1367 τῆς
1064 1333 1189 1372 γεέννης-ἱ,
1202 1336 1245 1361 τοῦ
1257 1333 1369 1372 Χριστοῦ
1378 1332 1533 1370 &ameneio-25,
1546 1332 1618 1371 φωνὴ
1629 1335 1644 1367 ἡ
1655 1331 1776 1370 λέγουσα·

1008 1380 1144 1407 Πεινῶντα
1156 1378 1201 1416 ἐμὲ
1213 1378 1300 1413 εἴδετε,
1318 1379 1362 1407 καὶ
1374 1378 1506 1418 ἐθρέψατε.
1522 1377 1593 1413 Αὕτη
1611 1378 1662 1416 γὰρ
1675 1381 1691 1413 ἡ
1704 1376 1776 1416 φωνὴ

1007 1425 1065 1453 τότε
1080 1424 1137 1453 ἀντὶ
1148 1424 1238 1464 δρόσου
1259 1424 1456 1464 παραστήσεται
1477 1427 1540 1462 ἡμῖν
1561 1423 1604 1452 διὰ
1616 1423 1697 1461 μέσης
1708 1423 1778 1463 συρί-

1007 1476 1085 1507 ζουσα
1096 1476 1142 1508 τῆς
1153 1472 1253 1512 φλογός.
1266 1473 1439 1510 Κατέλῡωμεν
1455 1473 1539 1502 τοίνυν
1560 1472 1625 1511 μετὰ
1638 1472 1776 1510 ἐλεημοσύ-

1057 1577 1064 1586 =
1084 1569 1206 1594 1110101.ει
1224 1569 1327 1603 quidam
1339 1569 1379 1593 alii
1390 1573 1424 1595 ἐπὶ
1436 1576 1480 1595 τῶν
1492 1571 1557 1594 ἰδίων.

765 1697 888 1726 ΑΝΙΑΝΙ
911 1696 1228 1725 INTERPRETATIO.

217 1804 382 1838 purpuratus
404 1807 434 1825 ae.
449 1795 620 1836 splendidus,
635 1795 681 1834 qui
695 1796 722 1824 in
747 1802 823 1835 parte
838 1796 1008 1824 adorantium
1027 1796 1171 1835 imaginem
1183 1797 1244 1835 jure
1259 1804 1429 1835 numeratur,
1448 1797 1573 1837 gehennae
1585 1804 1623 1827 est
1634 1797 1777 1838 deputatus

217 1844 347 1874 incendio.
362 1844 427 1879 Quae
442 1843 526 1882 igitur
541 1843 662 1882 superius
679 1842 751 1871 dicta
771 1849 848 1879 511111,
864 1844 979 1881 figuram
1001 1843 1139 1872 manifeste
1158 1844 1313 1883 exprimunt
1334 1845 1495 1873 futurorum.
1514 1845 1591 1874 Sicut
1612 1845 1683 1873 enim
1698 1845 1736 1874 ibi
1749 1846 1776 1874 in

216 1892 306 1931 ignem
320 1892 410 1927 missi,
428 1891 497 1919 nihil
516 1890 621 1919 adversi
642 1890 749 1919 omnino
774 1897 911 1919 senserunt
929 1902 934 1918 :
950 1891 996 1928 qui
1022 1901 1084 1919 vero
1102 1891 1166 1919 foris
1186 1898 1327 1928 steterunt,
1340 1893 1429 1920 subito
1443 1903 1474 1920 ac
1487 1892 1636 1921 vehementi
1655 1892 1777 1921 incendio

217 1938 377 1967 concremati
397 1945 459 1966 sunt
477 1949 482 1964 :
497 1937 535 1965 sic
556 1937 635 1965 etiam
654 1944 717 1965 tunc
736 1937 858 1965 futurum
879 1944 926 1965 est.
947 1937 1016 1964 Nam
1028 1943 1052 1965 et
1068 1937 1151 1965 sancti
1175 1937 1276 1966 etiamsi
1294 1938 1392 1966 flumen
1417 1938 1525 1977 igneum
1545 1944 1694 1974 transeant,
1709 1938 1777 1966 nihil

217 1995 326 2024 prorsus
345 1985 420 2013 triste
442 1984 590 2023 patientur,
610 1983 655 2012 sed
676 1982 843 2022 apparebunt
863 1982 962 2020 absque
977 1982 1062 2011 dubio
1083 1983 1209 2012 clariores
1225 1996 1230 2011 τ
1247 1984 1397 2013 adoratores
1419 1995 1481 2013 vero
1500 1984 1625 2022 imaginis
1646 1984 1776 2014 videbunt

218 2032 307 2070 ignem
317 2032 389 2060 omni
401 2032 426 2059 in
442 2042 468 2059 se
479 2032 532 2059 fera
545 2031 642 2059 saevius
653 2030 811 2066 irruentem,
824 2040 902 2068 seque
913 2029 946 2057 ad
962 2040 1100 2069 peenarum
1116 2030 1241 2060 interiora
1263 2032 1416 2071 rapientem.
1430 2031 1458 2060 Si
1472 2031 1532 2069 quis
1548 2041 1612 2070 ergo
1626 2042 1678 2060 non
1693 2032 1777 2061 credit

218 2078 378 2116 geliennam,
391 2078 424 2106 ad
439 2077 552 2105 fornacis
566 2077 639 2105 illius
649 2076 785 2105 flammam
797 2083 883 2104 mente
898 2077 1038 2115 respiciat,
1049 2084 1074 2105 01
1086 2087 1119 2105 ex
1139 2078 1361 2117 contemplatione
1373 2078 1542 2117 praesentium
1563 2077 1653 2107 credat
1666 2078 1757 2107 futura
1766 2101 1774 2116 ,

218 2135 265 2153 nec
276 2125 451 2164 paupertatis,
467 2124 512 2153 sed
532 2123 681 2162 iniquitatis
701 2124 834 2151 fornacem
852 2130 1019 2162 expavescat.
1034 2123 1086 2152 Hic
1101 2124 1205 2153 enimet
1221 2125 1291 2163 ignis
1303 2132 1327 2153 et
1341 2125 1417 2153 dolor
1427 2131 1465 2153 est
1481 2137 1487 2152 :
1502 2124 1540 2153 ibi
1557 2135 1620 2154 vero
1631 2132 1656 2153 et
1667 2135 1710 2154 ros
1720 2135 1777 2154 sen-

217 2172 296 2206 titur,
322 2183 353 2201 ac
373 2172 484 2210 requies.
507 2171 542 2200 Et
563 2172 591 2200 in
612 2171 658 2200 illa
675 2170 784 2209 quidem
804 2171 911 2199 flamma
935 2170 1060 2200 diabolus
1079 2171 1183 2200 medius
1203 2172 1318 2210 assistit,
1341 2173 1368 2201 in
1388 2173 1439 2200 hac
1457 2183 1520 2201 vero
1544 2172 1632 2211 angeli
1655 2172 1777 2202 incendja

219 2219 385 2258 repellentes.

256 2274 306 2300 ⁴1³2
321 2271 437 2300 Audiant
448 2272 530 2310 igitur
542 2272 591 2300 ista
605 2270 704 2300 divites
720 2270 766 2309 qui
777 2271 912 2299 fornacem
926 2270 1075 2309 iniquitatis
1087 2272 1233 2300 accendunt
1245 2294 1251 2308 ,
1264 2279 1289 2300 et
1301 2272 1518 2312 quipauperibus
1532 2273 1601 2301 nihil
1616 2280 1720 2311 nocent,
1736 2273 1780 2302 di-

220 2319 282 2348 vina
298 2319 351 2347 illis
366 2320 464 2348 virtute
478 2326 582 2348 rorante
598 2331 603 2346 :
620 2329 719 2348 severo
734 2319 761 2347 in
775 2319 849 2347 illius
861 2318 999 2347 horribilis
1014 2320 1127 2348 ssammae
1143 2319 1259 2359 praedam
1275 2327 1367 2359 sponte
1379 2320 1554 2359 praecipitant,
1569 2331 1650 2359 quam
1663 2322 1778 2361 propriis

220 2374 291 2395 certe
305 2367 428 2394 manibus
442 2367 597 2395 accendunt.
610 2367 689 2395 Tunc
703 2366 793 2404 itaque
808 2367 919 2405 angelus
933 2366 1069 2395 deseendit
1083 2367 1116 2396 ad
1136 2378 1240 2406 pueros,
1254 2378 1324 2396 nunc
1338 2378 1401 2396 vero
1416 2378 1463 2396 nos
1483 2367 1674 2397 descendamus
1688 2368 1723 2396 ad
1734 2379 1777 2397 eos

222 2415 268 2453 qui
285 2415 311 2442 in
327 2414 449 2453 egestatis
462 2415 566 2442 fornace
580 2421 722 2451 torrentur,
733 2414 821 2453 eisque
835 2414 971 2453 refrigeria
983 2414 1017 2443 (le
1026 2414 1214 2443 misericordiae
1230 2425 1288 2443 rore
1302 2422 1465 2454 praestemus:
1482 2422 1510 2443 ut
1525 2415 1560 2443 ab
1573 2415 1628 2444 illis
1642 2416 1778 2444 flammam

223 2462 318 2502 inopiae
341 2461 504 2500 repellentes,
517 2462 648 2501 possimus
674 2472 831 2490 coronarum
856 2473 961 2500 quoque
977 2473 1068 2491 eorum
1086 2473 1142 2490 esse
1164 2462 1307 2502 participes
1323 2474 1329 2490 ε
1344 2469 1422 2501 atque
1446 2463 1482 2491 ita
1501 2463 1638 2491 flammam
1652 2463 1777 2501 gehennae

225 2509 327 2538 Christi
338 2520 352 2538 a
367 2510 444 2538 nobis
458 2521 512 2539 vox
525 2510 570 2538 illa
585 2510 710 2549 depellat,
725 2520 783 2549 quae
794 2509 876 2538 dicit:
891 2511 1077 2539 Esurientem
1093 2521 1137 2538 me
1146 2511 1273 2546 vidistis,
1283 2517 1310 2538 et
1321 2512 1442 2549 pavistis
1459 2521 1465 2537 :
1477 2511 1668 2547 sitientem‚et
1678 2517 1778 2550 potum

226 2558 296 2585 mihi
312 2557 438 2584 dedistis.
450 2556 513 2584 Haec
532 2557 603 2585 enim
619 2563 677 2584 tum
691 2557 768 2585 nobis
780 2567 833 2585 vox
845 2556 911 2584 roris
929 2556 997 2590 loco,
1012 2556 1117 2592 fratres,
1129 2557 1187 2593 erit,
1202 2567 1248 2594 per
1277 2556 1393 2585 mediam
1414 2555 1447 2584 ad
1468 2566 1515 2584 nos
1538 2555 1674 2584 flammam
1685 2557 1775 2585 relata.

227 2603 430 2641 Descendamus,
443 2604 559 2642 inquam,
574 2614 634 2632 cum
645 2604 825 2632 misericordia
842 2603 867 2632 in
882 2603 1014 2632 fornacem
1031 2603 1124 2642 inopia·
1137 2616 1141 2631 :
1159 2604 1309 2633 intueamur
1323 2604 1383 2633 illos
1397 2604 1443 2642 qui
1463 2603 1547 2632 securi
1562 2614 1609 2643 per
1622 2603 1776 2643 hujusmodi
