1876 2926
119 1648 184 1668 Futcs
215 1655 257 1667 uon

119 1687 173 1706 opus
195 1679 258 1698 1111101

121 1711 202 1730 ursione

262 194 324 226 188
597 202 625 224 S.

257 263 390 303 Pei-pende
404 263 486 301 igitur
504 273 584 301 quam
604 262 736 291 mirabilia
755 268 953 301 perpetrentur,
968 267 993 288 ct

256 312 404 340 futurorum
420 311 494 339 initia
508 322 513 337 :
526 321 577 339 11011
589 310 660 339 0111111
677 309 831 349 paradisus,
842 308 888 337 sed
899 308 992 336 caelum

255 358 380 397 aperitur.
392 359 495 386 Verum
508 357 564 385 11ιο0.
575 364 664 385 contra
676 358 690 385 J
694 356 782 384 udaeos
791 355 874 383 oratio
883 355 910 382 in
920 353 995 382 aliud

256 411 360 443 tempus
373 403 528 431 differatur:
541 413 611 431 nunc
627 409 730 438 autem,
747 403 802 430 Deo
818 402 944 440 juvante,
960 400 994 428 ad

255 459 283 478 ea
300 460 359 487 quae
368 450 425 488 jam
440 456 584 478 tractamus
599 460 683 477 sermo
695 449 823 476 referatur
833 459 838 474 z
849 448 876 475 E
879 453 889 474 t
905 446 995 484 bapti-

258 502 339 524 zatus
360 497 457 530 Jesus,
476 496 605 523 ascendit
628 495 782 532 confestim
804 504 839 521 ει
860 504 953 532 aq11a;
968 500 995 523 ec

256 552 321 570 ecce
330 542 424 579 aperti
443 547 510 569 sunt
525 543 552 568 ei
565 541 636 569 eceli.
655 540 709 567 Cui·
729 539 813 577 aperti
835 546 895 567 sunt
921 540 996 568 010119

257 587 293 615 Ut
304 586 400 623 discas,
412 597 473 615 cum
488 593 516 614 tn
529 586 680 625 baptizaris,
694 584 810 623 idipsum
822 585 889 623 fieri,
902 586 958 614 Deo
970 593 996 614 te

257 631 291 660 ad
305 632 432 661 caelestem
444 631 557 671 patriani
573 637 695 667 vocante,
710 637 734 658 et
745 630 871 659 suadente
883 638 912 659 ut
929 632 996 660 1111111

258 689 319 707 cum
334 686 403 707 terra
426 688 565 706 commune
586 677 691 705 habeas.
714 676 794 711 Quod
809 677 830 705 si
847 677 874 705 id
892 688 942 706 non
957 677 997 705 vi-

257 724 316 761 des,
329 735 361 752 ne
373 731 458 752 tamen
471 723 552 751 11110111
563 733 648 760 neges.
659 723 728 750 Nam
740 722 767 750 in
778 722 917 762 principiis
929 733 997 751 sem-

258 780 305 809 per
318 768 537 797 admirandarum
546 767 779 807 spiritualiumque
788 778 876 796 rerum
884 768 997 796 visiones

259 822 385 854 apparent
405 825 511 842 sensum
535 820 669 842 moventes
690 820 714 841 01
730 813 806 851 signa
828 813 997 853 hujusmodi,

260 861 338 899 idque
365 860 533 899 stupidorum
562 860 702 887 hominum
729 870 820 897 eausa,
839 860 884 898 qui
909 860 998 888 sensili

259 907 361 935 visione
374 917 440 945 opus
456 905 567 942 habent,
590 915 673 943 neque
694 912 804 944 possunt
825 905 942 943 aliquam
960 906 999 933 in-

260 962 390 990 corporea:
401 957 500 979 naturae
511 950 596 978 ideam
609 950 761 987 admittere,
773 950 818 979 sed
831 951 866 979 ad
881 951 999 980 visibilia

260 1004 364 1026 tantum
379 997 582 1036 obstupescunt,
596 1003 624 1025 ut
640 996 743 1024 etiamsi
761 1004 850 1035 postea
870 997 933 1025 talia
949 1008 1000 1026 non

260 1043 393 1080 eveniant,
407 1054 435 1070 ea
450 1053 507 1080 quae
530 1042 611 1070 semel
625 1049 650 1070 et
665 1042 690 1070 in
706 1042 838 1081 principio
854 1043 923 1071 faeta
940 1050 1001 1071 sunt

260 1089 358 1117 similia
368 1111 375 1125 ,
390 1088 424 1116 ad
436 1088 517 1116 fidem
535 1088 566 1115 iis
581 1087 733 1116 habendam
742 1087 884 1116 deducant.
897 1089 965 1117 Nam
976 1096 1001 1117 et

262 1145 339 1174 super
349 1134 480 1173 apostolos
495 1144 575 1162 sonus
590 1134 675 1161 sactus
689 1140 729 1161 est
741 1133 850 1172 spiritus
861 1134 1002 1163 veliemen-

263 1181 311 1217 tis,
335 1186 360 1207 et
384 1179 538 1217 linguarum
564 1179 700 1216 ignearum
720 1179 820 1217 speeies
842 1190 1001 1218 apparuere,

263 1237 313 1255 11011
329 1232 434 1265 propter
451 1226 598 1264 apostolos,
614 1225 660 1253 sed
677 1232 784 1264 propter
809 1236 852 1253 eos
874 1226 920 1264 qui
940 1233 1002 1254 tunc

263 1279 401 1312 praesentes
426 1279 500 1300 crant
524 1273 539 1301 J
544 1272 638 1299 udmos.
667 1273 788 1299 Attamen
811 1272 872 1300 lieet
896 1272 1002 1300 sensilia

264 1318 339 1355 signa
357 1328 408 1345 non
430 1318 509 1353 liant,
526 1328 584 1355 qua:
600 1328 646 1356 per
662 1317 706 1344 illa
724 1317 805 1345 semel
824 1317 1003 1346 demonstrata

265 1371 326 1392 sunt
345 1363 520 1391 admittimus.
537 1364 605 1391 Nam
620 1370 644 1391 et
659 1363 782 1391 columba
797 1363 855 1391 ideo
871 1370 933 1392 tunc
947 1364 1004 1393 visa

265 1417 315 1444 est,
331 1417 359 1438 ut
375 1410 450 1448 quasi
464 1409 551 1447 digito
563 1409 677 1447 quodam
690 1410 863 1448 praesentibus
874 1417 898 1438 ct
908 1410 1004 1439 ι10311111

266 1455 366 1483 Filium
383 1456 431 1483 Dei
444 1462 608 1483 monstraret.
631 1455 721 1493 Neque
742 1455 801 1483 ideo
823 1462 942 1492 tantum,
959 1455 1004 1483 sed

265 1501 345 1529 etiam
356 1508 384 1529 ut
400 1508 428 1529 111
441 1501 568 1536 disceres,
589 1500 669 1528 ctiam
693 1508 808 1540 superte
822 1501 1004 1542 baptizatum,

267 1547 399 1586 Spiritum
410 1546 577 1574 descendere.

308 1594 335 1620 5.
359 1594 473 1621 Domum
490 1603 540 1621 11011
555 1603 622 1631 opus
643 1592 719 1620 nobis
737 1599 776 1620 est
795 1593 885 1621 sensili
897 1592 1007 1629 visione,

269 1649 329 1667 011111
344 1638 410 1667 fides
425 1638 483 1667 viee
497 1638 618 1666 omnium
629 1637 692 1665 satis
704 1638 752 1665 sit:
762 1638 837 1676 signa
848 1639 947 1677 quippe
957 1649 1009 1666 non

268 1684 446 1721 credentibus,
461 1683 507 1712 sed
527 1683 669 1711 incredulis
683 1682 788 1711 dantur.
805 1684 859 1712 Cur
874 1690 962 1712 autem
981 1684 1008 1713 in

268 1730 398 1759 columba·
422 1729 526 1768 speeie?
541 1730 713 1757 Mansuetum
729 1735 766 1756 est
778 1729 878 1757 animal
893 1736 917 1757 et
932 1740 1008 1757 mun-

268 1776 343 1804 dum.
355 1776 425 1810 Quia
441 1775 523 1813 igitur
535 1774 662 1813 Spiritus,
676 1774 888 1803 mansuetudinis
900 1782 938 1803 est
951 1775 1011 1814 Spi-

270 1822 347 1858 ritus,
361 1821 419 1850 ideo
444 1821 490 1849 illa
513 1821 597 1848 forma
621 1820 754 1859 apparuit.
776 1821 901 1859 Alioquin
923 1828 1012 1850 autem

272 1875 386 1897 veterem
410 1867 548 1896 historiam
571 1867 647 1894 nobis
668 1867 695 1894 in
718 1867 873 1895 memoriam
897 1874 1011 1896 revocat.

653 200 787 224 JOANMS
813 199 993 223 Cnnx'SOST.
1024 199 1174 222 Ancnfflt‘.

1203 200 1451 224 CONSTANTINOP
1457 215 1463 222 .

1047 263 1104 298 γοῦν
1120 256 1160 289 οἷα
1174 261 1308 301 παράδοξα
1318 261 1431 300 γίνεται,
1444 262 1487 290 καὶ
1502 262 1552 289 τῶν
1565 260 1709 298 μελλόντων
1723 259 1811 298 προοί-

1048 318 1095 343 μια
1105 318 1110 323 ·
1127 308 1172 335 οὐκ
1183 307 1220 335 ἔτι
1236 307 1286 347 γὰρ
1298 307 1454 347 παράδεισος
1463 330 1470 343 ,
1482 308 1538 336 ἀλλ’
1558 306 1661 347 οὐρανὸς
1674 305 1810 344 ἀνοίγεται,

1048 353 1115 381 Ἀλλ’
1139 355 1152 381 ὁ
1174 352 1219 391 μὲν
1245 353 1309 392 πρὸς
1329 353 1468 386 Ἰουδαίους
1491 353 1564 392 λόγος
1587 354 1622 385 εἷς
1643 351 1728 391 ἕτερον
1749 354 1812 389 ἡμῖν

1049 397 1208 437 ὑπερκείσθω)
1224 398 1313 437 καιρόν
1327 410 1332 416 ·
1346 399 1401 427 νυνὶ
1416 398 1442 427 δὲ
1450 421 1457 434 ,
1470 400 1538 428 Θεοῦ
1552 401 1730 437 συνεργοῦντος
1740 400 1814 434 ἡμῖν,

1049 444 1091 472 ἐπὶ
1106 443 1139 472 τὰ
1163 443 1321 484 προκείμενα
1334 444 1377 473 τὸν
1391 444 1465 483 λόγον
1481 444 1629 483 ἀγάγωμεν.
1651 443 1703 471 Καὶ
1718 444 1814 481 βαπτι-

1050 490 1117 522 σθεὶς
1139 492 1152 518 ὁ
1175 490 1289 526 Ἰησοῦς,
1307 490 1378 523 εὐθὺς
1402 490 1481 525 ἀνέὸη
1507 489 1559 519 ἀπὸ
1582 492 1625 517 τοῦ
1647 487 1755 520 ὕδατος·
1770 487 1815 515 καὶ

1051 536 1103 565 ἰδοὺ
1121 535 1288 575 ἀνεῴχθησαν
1309 538 1379 576 αὐτῷ
1399 538 1421 566 οἱ
1444 535 1554 576 οὐρανοί.
1577 534 1655 568 Τίνος
1670 529 1712 563 οῦν
1730 533 1815 561 ἕνεκεν

1051 581 1218 621 ἀνεῴχθησαν
1233 584 1255 611 οἱ
1270 582 1371 622 οὐρανοί
1382 595 1389 618 ;
1400 581 1458 611 Ἵνα
1472 581 1571 621 μάθῃς,
1587 580 1626 610 ὅτι
1642 580 1687 608 καὶ
1701 582 1746 608 σοῦ
1764 580 1815 617 βα·-

1050 627 1201 665 πτιζομένου
1223 631 1297 657 τοῦτο
1325 628 1439 667 γίνεται,
1458 627 1521 667 πρὸς
1545 626 1593 661 τὴν
1624 625 1677 654 ἄνω
1703 624 1817 664 πατρίδα

1050 677 1094 702 τοῦ
1115 674 1182 702 Θεοῦ
1205 685 1234 703 σε
1250 675 1401 708 καλοῦντος,
1423 673 1467 702 καὶ
1483 672 1613 705 πείθοντος
1640 670 1719 709 μηδὲν
1734 670 1816 698 κοινὸν

1051 719 1118 758 ἔχειν
1143 719 1207 758 πρὸς
1222 719 1269 753 τὴν
1294 721 1351 758 γῆν.
1378 720 1411 748 Εἰ
1438 718 1464 747 δὲ
1489 718 1524 756 μὴ
1550 720 1625 758 ὁρᾷς,
1643 716 1678 755 μὴ
1702 715 1817 751 ἀπιστή-

1027 785 1033 793 1
1052 777 1106 804 σῃς.
1127 765 1178 793 Καὶ
1195 764 1245 804 γὰρ
1268 767 1292 794 ἐν
1314 765 1459 804 προοιμίοις
1484 764 1523 793 ἀεὶ
1539 766 1590 792 τῶν
1606 761 1759 803 παραδόξων
1774 761 1819 790 καὶ

1051 812 1232 848 πνευματικῶν
1244 810 1406 850 πραγμάτιον
1419 809 1540 845 αἰσθηταὶ
1552 809 1684 850 φαίνονται
1694 808 1764 846 ὄψεις
1775 807 1819 836 καὶ

1052 859 1148 892 σημεῖα
1167 859 1288 889 τοιαῦτα,
1312 855 1354 884 διὰ
1374 854 1432 889 τοὺς
1459 855 1625 895 ἀνοητότερον
1646 852 1820 891 διακειμένους

1052 898 1096 926 καὶ
1112 898 1256 938 χρῄζοντας
1266 899 1349 938 ὄψεως
1365 901 1504 935 αἰσθητῆς,
1519 899 1564 928 καὶ
1576 897 1706 937 μηδεμίαν
1723 897 1820 925 ἔννοιαν

1053 944 1193 982 ἀσωμάτου
1218 944 1316 984 φύσεως
1345 945 1434 974 λαῧεῖν
1458 944 1628 983 δυναμένους,
1650 943 1714 982 πρὸς
1739 942 1765 971 δὲ
1787 942 1821 970 τὰ

1052 989 1133 1028 ὁρατὰ
1157 989 1232 1027 μόνον
1256 990 1446 1028 ἐπτοημένους,
1467 989 1510 1018 ἵνα
1530 989 1577 1018 κᾶν
1595 987 1661 1023 μετὰ
1679 991 1760 1016 ταῦτα
1784 987 1821 1025 μὴ

1053 1035 1158 1073 γένηται
1172 1039 1254 1064 ταῦτα
1264 1059 1271 1071 ,
1284 1036 1317 1064 τὰ
1335 1036 1361 1068 ἐξ
1384 1038 1467 1064 αὐτῶν
1480 1034 1629 1070 δηλωθέντα
1644 1033 1713 1066 ἅπαξ
1737 1033 1781 1062 καὶ
1796 1035 1822 1062 ἐν

1055 1082 1123 1120 ἀρχῇ
1140 1080 1360 1119 ι’παραδε.”ς’1ονται
1382 1083 1414 1119 τῇ
1434 1080 1529 1109 πίστει.
1556 1079 1608 1108 Καὶ
1634 1079 1684 1119 γὰρ
1708 1079 1750 1108 ἐπὶ
1771 1080 1822 1106 τῶν

1055 1125 1206 1155 ἀποστόλων
1216 1121 1280 1164 ἦχος
1291 1126 1390 1165 ἐγένετο
1400 1129 1479 1161 πνοῆς
1492 1125 1593 1164 βιαίας,
1605 1125 1649 1153 καὶ
1660 1125 1730 1163 ὄψεις
1740 1126 1823 1163 γλωσ-

1055 1173 1106 1199 σῶν
1121 1171 1234 1210 πυρίνων
1250 1171 1379 1210 ἐφάνησαν
1389 1183 1394 1189 ·
1409 1173 1465 1200 ἀλλ’
1482 1173 1509 1200 οὔ
1525 1170 1568 1199 διὰ
1581 1169 1640 1203 τοὺς
1652 1169 1824 1205 ἀποστόλους,

1056 1216 1122 1245 ἀλλὰ
1137 1217 1179 1245 διὰ
1191 1216 1248 1250 τοὺς
1260 1217 1390 1256 παρόντας
1404 1217 1461 1246 τότε
1473 1216 1620 1249 Ἰουδαίους.
1636 1216 1703 1244 Ἀλλ’
1717 1215 1788 1254 ὅμως
1802 1217 1823 1244 εἷ

1055 1262 1099 1290 καὶ
1115 1261 1151 1300 μὴ
1170 1262 1281 1298 αἰσθητὰ
1299 1262 1397 1301 γίνεται
1414 1267 1526 1300 σημεῖα,
1537 1262 1570 1291 τὰ
1592 1261 1616 1294 ἐξ
1634 1263 1717 1290 αὐτῶν
1739 1262 1825 1296 δηλω-

1056 1307 1131 1337 θέντα
1145 1308 1213 1342 ἅπαξ
1232 1308 1439 1347 καταδεχόμεθα.
1452 1307 1528 1337 Ἐπεὶ
1543 1307 1587 1336 καὶ
1601 1310 1617 1342 ἡ
1631 1306 1770 1346 περιστερὰ
1782 1306 1824 1334 διὰ

1055 1355 1129 1380 τοῦτο
1140 1351 1197 1381 τότε
1210 1352 1289 1390 ἐφάνη
1298 1375 1305 1387 ,
1318 1352 1348 1381 ἵν’
1364 1352 1452 1392 ὥσπερ
1468 1352 1525 1381 ἀντὶ
1537 1351 1661 1380 δακτύλου
1673 1351 1739 1383 τινος
1755 1349 1823 1388 δείξῃ

1055 1402 1107 1430 τοῖς
1123 1401 1233 1437 παροῦσι
1250 1398 1294 1426 καὶ
1310 1400 1347 1437 τῷ
1361 1398 1468 1435 Ἰωάννῃ
1489 1398 1532 1426 τὸν
1554 1397 1614 1426 Υἱὸν
1629 1400 1673 1426 τοῦ
1694 1399 1770 1426 Θεοῦ.
1784 1397 1823 1424 Οὐ

1058 1443 1133 1480 μόνον
1151 1443 1177 1471 δὲ
1195 1443 1237 1472 διὰ
1251 1447 1339 1479 τοῦτο,
1361 1445 1417 1473 ἀλλ’
1433 1443 1476 1472 ἵνα
1490 1443 1534 1472 καὶ
1551 1442 1581 1472 σὺ
1604 1442 1703 1482 μάθῃς,
1719 1441 1759 1471 ὅτι
1780 1441 1824 1470 καὶ

1058 1489 1100 1518 ἐπὶ
1113 1488 1140 1517 σὲ
1154 1489 1340 1527 βαπτιζόμενον
1356 1490 1386 1518 τὸ
1401 1490 1511 1527 Πνεῦμα
1527 1489 1639 1528 ἔρχεται.

1100 1592 1197 1622 Λοιπὸν
1212 1592 1239 1621 δὲ
1254 1595 1318 1631 ἡμῖν
1334 1594 1458 1628 αἰσθητῆς
1473 1593 1501 1621 οὐ
1512 1591 1588 1633 χρεία
1606 1592 1702 1632 ὄψεως,
1722 1593 1768 1626 τῆς
1784 1591 1827 1620 πί-

1061 1651 1140 1672 στεως
1156 1638 1213 1667 ἀντὶ
1227 1638 1331 1667 πάντων
1344 1637 1500 1678 ιὟοίρκούσης·
1512 1637 1545 1666 τὰ
1556 1637 1606 1678 γὰρ
1623 1642 1719 1675 σημεῖα
1732 1639 1761 1665 οὐ
1774 1641 1827 1670 τοῖς

1030 1691 1046 1713 Ε
1061 1684 1232 1719 πιστεύουσιν,
1256 1683 1322 1713 ἀλλὰ
1340 1688 1392 1716 τοῖς
1413 1685 1558 1712 ἀπιστοῦσι.
1573 1682 1651 1711 Διατί
1663 1682 1690 1711 δὲ
1714 1684 1739 1711 ἐν
1765 1682 1826 1711 εἴδει

1062 1734 1228 1769 περιστερᾶς;
1242 1728 1358 1769 ἽΙμερον
1373 1729 1402 1758 τὸ
1417 1730 1479 1762 ζῶον
1494 1729 1539 1757 καὶ
1552 1728 1674 1768 καθαρόν.
1689 1728 1765 1757 Ἐπεὶ
1782 1723 1824 1756 οῦν

1063 1776 1107 1804 καὶ
1121 1776 1150 1804 τὸ
1163 1776 1285 1813 Πνεῦμα,
1298 1774 1444 1814 πραότητός
1459 1776 1513 1804 ἐστι
1525 1775 1647 1812 Πνεῦμα,
1663 1773 1705 1802 διὰ
1716 1777 1790 1802 τοῦτο
1802 1775 1827 1802 ἐν

1063 1821 1144 1861 τούτῳ
1157 1820 1283 1860 φαίνεται.
1299 1819 1397 1853 Ἄλλως
1418 1819 1444 1848 δὲ
1466 1819 1510 1848 καὶ
1523 1821 1637 1852 παλαιᾶς
1650 1822 1720 1858 ἡμᾶς
1734 1821 1828 1857 ἀναμι-

1065 1867 1174 1904 μνήσκει
1189 1866 1310 1905 ἱστορίας.
1327 1866 1379 1894 Καὶ
1393 1866 1444 1906 γὰρ
1462 1865 1586 1905 ναυαγίου
1601 1864 1663 1894 ποτὲ
1682 1869 1767 1894 κοινοῦ
1780 1865 1827 1899 τὴν

273 1915 343 1942 Nam
357 1924 418 1941 cnm
433 1913 497 1941 olim
520 1912 654 1940 communi
669 1912 806 1950 naufragio
821 1919 906 1941 totum
921 1912 1012 1940 orbem
1022 1941 1055 1959 16'
1065 1911 1216 1951 οἰκουμένην
1241 1911 1433 1944 καταλαῧόντος
1455 1911 1574 1946 ἅπασαν,
1600 1911 1644 1939 καὶ
1672 1914 1716 1939 τοῦ
1744 1910 1830 1948 γένους

275 1959 423 1993 invadente,
438 1966 523 1987 totum
536 1969 643 1998 prorsus
658 1958 796 1986 hominum
810 1969 892 1996 genus
908 1959 1014 1998 pericli·
1031 1969 1050 1990 Α
1065 1959 1139 1996 ἡμῶν
1164 1956 1350 1989 κινδυνεύοντος
1376 1958 1562 1996 ἀφανισθῆναι,
1592 1960 1667 1985 τοῦτο
1690 1956 1770 1995 ἐφάνη
1801 1957 1831 1986 τὸ

275 2011 382 2039 taretur,
393 2004 443 2032 hoc
456 2004 557 2032 animal
570 2004 703 2042 apparuit,
716 2010 740 2031 et
757 2004 919 2042 tempestatis
933 2004 1014 2033 11110111

275 2050 397 2084 ostendit,
410 2061 441 2078 ac
463 2060 567 2077 ramum
591 2049 668 2077 otivae
684 2056 768 2077 rostro
782 2056 880 2085 tenens,
896 2061 1014 2078 commu-

276 2108 336 2125 nem
357 2097 429 2124 orbis
450 2096 670 2134 tranquillitatem
685 2096 819 2125 nuntiavit
835 2108 840 2123 :
856 2108 914 2135 qum
926 2098 1014 2126 omnia

278 2144 364 2179 ligura
383 2143 534 2170 futurorum
555 2148 636 2169 erant.
653 2141 732 2169 Tunc
755 2142 825 2169 enim
840 2142 925 2171 11111110
943 2144 1014 2171 (1010-

277 2190 346 2217 riore
357 2188 507 2217 conditione
519 2198 558 2215 res
568 2187 708 2215 11011111111111
723 2194 805 2222 erant,
817 2199 847 2215 ac
862 2189 947 2217 multo
960 2200 1015 2217 ma-

275 2236 333 2273 jore
350 2235 389 2263 illi
406 2240 479 2262 erant
494 2233 626 2272 supplicio
640 2232 724 2270 digni¹
737 2234 776 2260 Ne
787 2233 909 2272 desperes
924 2234 1015 2272 igitur,

280 2282 347 2308 hanc
369 2280 417 2308 tihi
437 2279 575 2307 historiam
596 2279 622 2306 in
638 2279 793 2306 memoriam
818 2287 930 2308 revocat.
947 2281 1014 2308 Nam

280 2333 342 2354 tunc
361 2325 506 2365 desperatis
529 2325 617 2357 rebus,
639 2324 727 2352 exitus
749 2331 835 2352 tamen
858 2325 968 2362 quidam
991 2333 1015 2354 et

280 2372 427 2401 emendatio
448 2371 498 2400 fuit
515 2383 520 2398 1
537 2370 581 2399 scd
602 2377 665 2398 tunc
685 2380 732 2408 per
750 2369 922 2409 supplicium,
945 2382 1015 2400 nunc

280 2429 341 2447 1010
363 2429 408 2457 per
427 2418 539 2456 gratiam
562 2424 586 2445 01
607 2415 707 2444 1101111111
736 2416 878 2445 ineffabile.
902 2417 1015 2456 Ideoque

315 2527 326 2543 ¹*
344 2523 547 2557 511ν11.π,1ραῦεξη
568 2529 594 2550 τῆ
615 2526 694 2547 πίστει,
710 2521 795 2546 Mutet.
816 2525 986 2556 πνραῦεξωντγι
1008 2530 1033 2555 τῇ

282 2575 358 2590 ectu.
373 2564 483 2594 Utraque
496 2561 569 2585 lectio
585 2560 641 2584 ferri
656 2567 746 2592 potest.

1065 2005 1138 2038 ζῶον,
1152 2002 1196 2031 καὶ
1212 2001 1257 2036 τὴν
1273 2002 1344 2030 λύσιν
1357 2005 1401 2030 τοῦ
1414 2004 1541 2040 χειμῶνος
1555 2001 1634 2034 ἔδειξε
1644 2024 1651 2036 ,
1672 2002 1716 2029 καὶ
1736 2002 1829 2031 κλάδον

1065 2048 1140 2088 φέρον
1153 2047 1253 2081 ἐλαίας,
1267 2047 1314 2081 τὴν
1329 2047 1416 2081 κοινὴν
1431 2049 1478 2081 τῆς
1492 2047 1643 2085 οἰκουμένης
1661 2047 1776 2086 γαλήνην
1794 2050 1832 2077 εὐ-

1065 2092 1235 2132 ηγγελίσατο’
1258 2092 1324 2132 ἅπερ
1347 2092 1433 2121 πάντα
1451 2091 1530 2125 τύπος
1551 2095 1602 2121 τῶν
1627 2093 1772 2130 μελλόντων
1791 2090 1831 2129 ἦν.

1067 2138 1119 2167 Καὶ
1141 2138 1192 2178 γὰρ
1211 2138 1269 2167 τότε
1285 2140 1373 2177 πολλῷ
1393 2143 1479 2178 χεῖρον
1497 2137 1531 2166 τὰ
1549 2141 1600 2167 τῶν
1623 2138 1764 2178 ἀνθρώπων
1784 2139 1832 2168 διέ-

1067 2196 1153 2219 κειτο,
1173 2184 1217 2212 καὶ
1231 2185 1320 2223 πολλῷ
1336 2184 1449 2221 μείζονος
1466 2183 1596 2223 τιμωρίας
1611 2184 1677 2217 ἄξιοι
1691 2180 1766 2218 ἦσαν.
1781 2184 1830 2213 Ἵν’

1068 2225 1110 2258 οὖν
1125 2229 1161 2268 μὴ
1175 2231 1293 2268 ἀπογνῷς
1303 2252 1310 2265 ,
1330 2229 1524 2267 ἀναμιμνήσκει
1539 2241 1567 2258 σε
1581 2231 1627 2264 τῆς
1642 2229 1755 2269 ἱστορίας
1769 2230 1833 2258 ἐκεί-

1069 2287 1121 2309 νης.
1143 2273 1193 2303 Καὶ
1211 2274 1261 2314 γὰρ
1276 2274 1334 2303 τότε
1354 2276 1404 2302 τῶν
1425 2274 1588 2313 πραγμάτων
1606 2275 1833 2313 ἀπογν1ι1σοέντων,

1070 2320 1157 2358 γέγονε
1175 2319 1246 2352 λύσις
1260 2332 1298 2352 τις
1313 2318 1357 2348 καὶ
1372 2320 1519 2359 διόρθωσις·
1534 2319 1601 2348 ἀλλὰ
1617 2320 1675 2348 τότε
1691 2320 1733 2348 διὰ
1754 2333 1833 2358 τιμω-

1074 2370 1129 2409 ρίας
1139 2393 1145 2405 ,
1157 2374 1199 2398 νῦν
1212 2370 1237 2398 δὲ
1250 2369 1292 2398 διὰ
1302 2370 1407 2410 χάριτος
1419 2368 1463 2398 καὶ
1473 2370 1569 2408 δωρεᾶς
1580 2370 1686 2408 dodran.
1702 2370 1752 2399 Διὰ
1762 2373 1834 2399 τοῦτο

1074 2420 1118 2447 καὶ
1132 2422 1148 2454 ἡ
1164 2419 1303 2459 περιστερὰ
1318 2419 1449 2458 φαίνεται,
1464 2422 1491 2449 οὐ
1505 2420 1598 2449 κλάδον
1613 2421 1700 2453 ἐλαίας
1714 2421 1834 2459 φέρουσα,

1117 2532 1120 2539 ·
1145 2520 1230 2546 Morel.
1242 2522 1304 2546 mule
1317 2525 1434 2557 ἀρχούσης.
1446 2523 1502 2546 Mox
1515 2522 1590 2555 aliqui
1603 2525 1661 2548 fimf).
1673 2529 1715 2552 τοῖς
1727 2527 1831 2550 ἀπίστως,

1085 2561 1151 2593 qnod
1166 2561 1272 2593 idipsum
1286 2567 1330 2586 est.
