1876 2926
86 859 133 880 Nou
150 860 225 880 dolere

85 892 111 910 ule
139 895 225 918 peccatu

84 929 150 949 nangis
176 930 225 941 irri-

84 957 112 972 m
135 952 204 972 Deum
218 968 224 975 ,

83 984 224 1010 qruniipsuni

83 1018 205 1041 peccalum.

84 1632 151 1653 Psal.
169 1631 207 1661 955,

244 190 309 210 210
558 188 585 208 S.

240 248 328 285 galiis,
340 258 398 286 quae
413 257 444 275 ne
456 247 564 285 quidem
579 248 670 276 nosti?
685 255 709 276 ct
723 249 857 286 quomodo
873 249 977 277 noveris

241 294 361 322 beneficii
386 293 620 332 magnitudinem?
636 294 687 322 Dic
711 295 799 332 itaque
814 301 916 334 peccata
934 301 977 322 tua

240 341 387 380 speciatim,
400 348 427 368 ut
438 340 524 368 discas
532 351 709 378 quorumnam
721 341 899 369 remissionem
910 340 979 368 acei-

241 387 291 426 pis,
303 394 331 415 ut
344 388 379 415 ita
393 397 454 425 erga
466 387 615 415 beneficum
626 394 717 425 gratus
731 387 774 415 sis.
788 387 832 415 Tu
843 398 905 415 vero
918 397 978 414 cum

240 433 375 461 hominem
391 433 545 467 offenderis,
560 434 675 468 amicos,
698 434 799 462 vicinos
817 440 841 461 ct
857 433 979 461 ostiarios

240 491 327 519 rogas,
338 481 463 520 pecunias
477 480 620 520 expendis,
634 480 783 518 multosque
797 479 853 507 dies
869 480 979 507 insumis

241 527 267 555 in
286 527 435 555 accedendo
454 533 478 555 et
493 526 684 565 supplicando,
706 525 808 553 etiamsi
824 525 912 561 semel,
928 525 978 560 bis,

239 574 435 611 sexcentiesque
458 574 492 601 ab
513 573 612 601 offenso
635 572 767 611 repulsam
794 571 902 606 tuleris,
927 582 977 599 non

239 620 363 655 concidis,
373 620 417 648 scd
427 620 512 657 magis
525 619 663 653 sollicitus,
678 617 884 657 supplicationes
895 617 977 645 adau-

238 677 299 704 ges:
314 678 375 695 cum
389 678 451 697 vcro
477 666 662 694 universorum
687 665 760 692 Deus
781 663 898 691 offensus
922 671 976 699 est,

237 712 394 747 oscitamus,
411 711 585 749 negligimus,
600 710 774 746 deliciamur,
796 709 975 743 inebriamur,
986 731 1021 748 133

236 765 261 785 et
276 769 323 796 pro
338 758 414 786 solito
429 768 501 785 more
515 756 603 784 omnia
619 756 730 783 tacimus
744 767 749 782 ε
763 762 787 783 et
806 755 976 793 quandonam

236 804 314 831 illum
338 804 442 842 placare
466 802 632 841 poterimus?
648 800 782 839 quomodo
808 812 858 829 non
875 812 904 829 co
919 801 976 840 ipso

236 849 315 878 modo
330 850 414 887 magis
431 848 588 876 irritemus?
604 848 663 876 Non
678 847 766 875 dolere
780 846 849 875 enim
871 846 903 875 de
918 857 976 885 pec-

237 903 293 923 cato
308 896 395 933 magis
409 894 442 923 ad
464 894 674 932 indignationem
688 900 712 921 et
730 894 796 921 iram
812 893 898 932 ipsum
915 903 975 931 pro-

236 948 326 974 meat,
351 951 432 978 quam
461 940 549 979 ipsum
581 946 726 978 peccatum.
756 939 924 978 Quapropter
948 939 974 966 in

235 987 321 1026 ipsam
337 994 432 1015 terram
447 997 502 1015 sese
514 986 654 1014 detrudere
668 993 814 1025 oporteret,
831 996 877 1014 nec
892 985 973 1013 solem

234 1033 366 1072 aspicere,
383 1033 425 1061 vel
450 1033 590 1072 respirare,
606 1032 712 1070 quando
736 1039 789 1060 tam
814 1032 973 1071 placabilem

235 1079 380 1107 Dominum
404 1079 538 1114 habentes,
555 1078 631 1106 illum
654 1078 804 1111 irritamus,
823 1084 847 1105 et
868 1077 973 1105 irritan-

233 1132 272 1153 tes
288 1135 339 1152 non
360 1124 541 1163 poenitentiam
561 1124 664 1161 agimus
678 1123 798 1151 :etiamsi
820 1123 866 1151 ille
890 1133 972 1161 neque

234 1181 294 1198 cum
311 1170 394 1198 iratus
404 1177 451 1204 est,
466 1180 513 1198 nos
529 1169 590 1197 odio
604 1169 699 1197 habeat
714 1169 755 1197 vel
767 1175 910 1203 aversetur,
926 1168 972 1197 sed

233 1215 316 1243 iratus
328 1216 374 1249 sit,
391 1222 419 1243 ut
432 1225 480 1243 1105
495 1215 538 1244 vel
554 1214 592 1242 sic
606 1214 639 1242 ad
659 1225 686 1242 se
699 1214 843 1253 pertrahat.
866 1215 935 1242 Nam
950 1214 972 1242 si

234 1261 274 1289 vel
296 1261 454 1289 contumelia
477 1261 587 1289 affectus
612 1267 738 1299 perpetuo
763 1260 890 1288 beneficia
912 1270 973 1287 con-

233 1307 326 1343 ferret,
341 1307 428 1345 ipsum
444 1306 528 1345 magis
541 1306 698 1345 despiceres.
714 1306 754 1334 Ne
768 1313 856 1333 autem
872 1305 899 1333 id
915 1316 973 1334 eve-

235 1353 304 1388 niat,
320 1353 354 1381 ad
370 1360 475 1392 tempus
490 1353 584 1381 avertit
607 1353 700 1380 faeiem
710 1375 716 1387 ,
733 1359 762 1380 ut
777 1359 802 1380 te
818 1362 920 1390 semper
934 1362 972 1380 se-

235 1408 296 1426 cum
310 1398 414 1426 habeat.
432 1398 499 1437 Ejus
514 1398 601 1436 itaque
624 1397 783 1436 benignitati
798 1397 913 1426 fidamus
925 1421 931 1433 ,
949 1404 974 1426 et

236 1444 417 1482 poenitentiam
428 1444 540 1472 sollicite
552 1444 735 1479 exhibeamus,
749 1444 906 1482 priusquam
918 1444 974 1472 dies

234 1490 280 1518 ille
292 1491 396 1526 veniat,
410 1491 435 1519 in
448 1501 500 1529 quo
512 1491 580 1518 nihil
592 1491 668 1519 nobis
683 1491 834 1529 poenitentia
845 1491 971 1529 proderit.

234 1537 313 1564 Nunc
334 1537 404 1564 enim
427 1537 454 1565 in
476 1537 552 1565 nobis
568 1543 620 1564 tota
637 1547 677 1565 res
691 1536 741 1564 sita
755 1543 809 1573 cst3
824 1543 888 1565 tunc
910 1548 973 1566 vero

234 1583 250 1611 J
254 1582 325 1611 udex
334 1583 405 1611 solus
417 1583 465 1611 erit
477 1583 574 1622 judicii
584 1590 609 1611 et
622 1583 717 1611 calculi
728 1583 827 1611 ferendi
838 1583 972 1612 dominus.

236 1628 472 1666 Praeoccupemus
494 1629 575 1667 igitur
587 1630 702 1669 faciem
729 1631 790 1668 ejus
809 1631 841 1657 in
861 1631 973 1669 confes-

235 1677 326 1709 sione,
340 1675 459 1711 sseamus,
472 1675 618 1712 lugeamus.
632 1675 661 1704 Si
675 1676 745 1704 enim
759 1676 905 1715 poterimus
915 1683 974 1705 ante

234 1720 373 1748 delinitam
399 1720 473 1749 illam
488 1720 560 1749 diem
580 1721 686 1760 placare
699 1721 835 1759 Judjcern,
852 1729 880 1750 ut
897 1722 973 1750 nobis

234 1773 340 1804 peccata
355 1766 486 1802 remittat,
502 1777 555 1795 non
578 1767 647 1794 ultra
670 1767 779 1795 introitu
806 1767 882 1796 nohis
905 1778 972 1807 opus

233 1812 282 1839 erit
296 1824 301 1838 :
313 1819 341 1840 ut
351 1823 365 1840 e
381 1822 521 1848 converse,
539 1812 561 1840 si
583 1823 633 1840 non
649 1812 700 1841 hoe
714 1813 750 1841 ita
766 1813 826 1849 fiat,
839 1820 893 1842 toto
908 1813 972 1842 orbe

234 1865 371 1896 pra-sente,
383 1858 494 1896 quisque
505 1865 625 1886 nostrum
636 1858 670 1886 ad
684 1859 802 1887 tribunal
814 1859 971 1896 adducetur,

233 1910 257 1930 et
272 1904 345 1932 nulla
361 1904 437 1932 nobis
452 1904 520 1932 ultra
544 1915 602 1944 spes
624 1904 706 1934 veniae
720 1905 857 1944 supererit.
873 1906 971 1934 Nullus

233 1949 303 1977 enim
327 1960 419 1978 eorum
441 1951 487 1988 qui
513 1951 625 1988 adsunt,
647 1951 693 1990 qui
714 1958 819 1990 peccata
846 1962 892 1979 sua
919 1962 970 1980 non

233 1995 364 2031 abluerit,
381 2007 442 2023 eum
459 1997 524 2024 illuc
548 1996 699 2033 advenerit,
714 1997 810 2036 poterit
831 2008 922 2036 peenas
939 1998 970 2026 iis

233 2040 336 2069 debitas
350 2042 467 2079 effugere
481 2054 486 2068 z
501 2042 546 2070 sed
569 2042 798 2080 quemadmodum
817 2043 856 2070 illi
874 2043 920 2081 qui
937 2054 970 2072 ex

233 2088 382 2115 carceribus
392 2088 434 2115 his
446 2088 481 2115 ad
492 2088 610 2116 tribunal
622 2089 720 2117 catenis
731 2089 819 2117 onusti
833 2089 971 2118 adducun-

234 2139 286 2168 tur,
295 2133 332 2160 sic
347 2140 371 2161 et
388 2133 481 2161 animm
499 2144 599 2170 omnes,
615 2145 676 2162 cum
685 2134 747 2162 hinc
758 2135 880 2170 abierint,
890 2136 970 2164 variis

233 2185 401 2217 peccatorum
423 2190 531 2207 suorum
555 2180 703 2208 constrictae
722 2181 833 2217 catenis,
848 2181 882 2209 ad
895 2182 970 2210 terri-

234 2224 288 2252 bile
301 2224 370 2252 illud
381 2225 498 2252 tribunal
511 2224 684 2254 adducentur.
700 2227 765 2254 Nam
780 2227 836 2255 haec
846 2227 901 2256 vita
915 2238 970 2256 car-

235 2281 292 2298 cere
311 2270 394 2298 nihilo
415 2271 508 2299 melior
520 2278 573 2308 est3
589 2271 635 2299 sed
650 2272 717 2300 sicut
740 2283 801 2301 cum
816 2273 843 2301 in
858 2273 971 2302 domici-

235 2316 301 2344 lium
316 2316 384 2344 illud
398 2317 550 2354 introimus,
567 2328 656 2346 omnes
670 2318 792 2347 videmus
809 2319 907 2348 catenis
921 2320 970 2348 cir-

234 2363 436 2392 cumdatos:ita
460 2370 484 2392 et
503 2374 587 2400 nunc,
608 2364 630 2392 si
654 2365 756 2404 abjecta
777 2365 823 2394 illa
846 2373 967 2394 externa-

234 2420 293 2438 rum
314 2420 401 2438 rerum
426 2410 627 2449 imaginatione,
648 2411 674 2438 in
699 2411 864 2449 singulorum
884 2412 967 2441 vitam

265 2512 275 2530 s
288 2510 372 2536 Morel.
385 2515 457 2540 τιθείς.

264 2558 273 2568 2¹
287 2555 488 2585 Μεμεριμνημένην
502 2550 577 2576 Silvll.
592 2557 616 2575 ct
628 2551 695 2577 MSS..
717 2558 884 2588 μεμειιισμένμ
896 2553 980 2578 Morel.

997 436 1014 458 E

996 758 1013 779 Α

615 187 754 210 JoANMS
781 188 963 210 CHRYSOST.
994 189 1147 211 ARCHIEP.
1170 190 1442 215 CONSTANTINOP.

1031 251 1275 288 πλημμελημάτων,
1293 252 1357 292 ὑπὲρ
1380 249 1415 282 ὧν
1439 256 1486 283 οὐκ
1507 250 1594 290 οῖδας;
1609 256 1653 284 καὶ
1672 258 1727 290 πῶς
1742 257 1798 296 εἴσῃ

1031 297 1077 329 τῆς
1092 296 1237 335 εὐεργεσίας
1247 298 1276 326 τὸ
1290 298 1395 337 μέγεθος
1408 311 1415 334 ς
1427 299 1494 329 Εἰπὲ
1504 300 1587 329 τοίνυν
1603 305 1647 330 σοῦ
1661 302 1694 330 τὰ
1710 304 1799 340 πλημ-

1033 341 1172 378 μελήματα
1198 345 1255 371 κατ’
1280 339 1344 377 εἶδος
1355 367 1362 378 ,
1385 344 1426 373 ἵνα
1449 345 1532 384 μᾶΟῃς
1555 346 1630 374 τίνων
1656 347 1799 385 λαμίοίνεις

1033 387 1206 428 συγχώρησιν,
1223 388 1254 416 ἵν’
1273 389 1353 422 οὕτως
1369 389 1506 428 εὐγνώμων
1521 391 1581 430 γένῃ
1597 393 1656 432 περὶ
1668 393 1711 421 τὸν
1727 394 1800 433 εὐερ-

1032 433 1116 471 γέτην.
1132 433 1169 462 Σὺ
1192 434 1218 463 δὲ
1233 434 1366 474 ἄνθρωπον
1391 435 1436 473 μὲν
1458 436 1617 476 παροξύνων,
1633 438 1678 467 καὶ
1692 439 1779 477 φίλους
1791 462 1798 474 ,

1031 479 1075 507 καὶ
1087 479 1201 518 γείτονας
1210 503 1217 515 ,
1232 480 1276 509 καὶ
1291 481 1419 521 Ουρωροὺς
1431 484 1590 521 παρακαλεῖς
1598 506 1604 518 ,
1618 484 1662 512 καὶ
1673 484 1799 523 χρήματα

1032 526 1147 564 δαπανᾷς
1156 548 1163 560 ,
1175 526 1220 554 καὶ
1236 527 1333 560 πολλὰς
1352 527 1497 560 ἀναλίσκεις
1510 528 1611 568 ἡμέρας
1625 529 1738 569 προσιὼν
1754 530 1799 558 καὶ

1032 570 1149 608 δεόμενος
1161 594 1167 606 ,
1190 570 1237 600 κᾶν
1259 572 1343 608 ἅπαξ,
1368 573 1415 601 κᾶν
1431 573 1477 608 δἰς,
1492 573 1539 601 κᾶν
1557 574 1678 614 μυριάκις
1693 587 1722 604 σε
1743 576 1799 604 δια-

1031 617 1172 655 κρούσηται
1187 619 1200 645 ὁ
1212 618 1391 658 παροξυνθεὶς,
1406 619 1453 646 οὐκ
1475 619 1641 655 ἀναπίπτεις,
1659 621 1715 649 ἀλλ’
1739 623 1799 650 ἔνα-

1031 661 1121 700 γώνιος
1133 665 1229 700 μᾶλλον
1250 664 1396 702 γενόμενος,
1409 664 1515 693 πλείονα
1528 665 1575 700 τὴν
1596 666 1729 706 ἱκετηρίαν
1744 665 1800 695 ’τί-

1032 711 1076 743 οης
1089 720 1094 726 ·
1111 713 1155 738 τοῦ
1171 709 1196 738 δὲ
1211 712 1261 738 τῶν
1276 709 1342 738 ὅλων
1363 711 1431 738 Θεοῦ
1445 710 1666 750 παροξυνομένου,
1682 712 1797 751 χασμώ-

1032 757 1113 792 μεθα,
1127 755 1171 783 καὶ
1185 755 1373 794 ἀναπίπτομεν,
1388 756 1431 784 καὶ
1442 758 1589 795 τρυφῶμεν,
1605 757 1650 785 καὶ
1662 751 1798 796 μεθύομεν,

1030 801 1074 829 καὶ
1098 801 1130 830 τὰ
1155 802 1222 830 κατὰ
1244 802 1378 837 συνήθειαν
1394 803 1480 831 πάντα
1494 802 1642 842 πράττομεν
1655 815 1661 820 ·
1676 804 1721 832 καὶ
1736 804 1799 834 πότε

1031 847 1106 875 αὐτὸν
1129 847 1289 885 δυνησόμεθα
1305 847 1378 876 ἰ’λεων
1397 850 1523 883 ποιῆσαι;
1543 851 1598 881 πῶς
1619 848 1645 877 δὲ
1668 850 1714 878 οὐκ
1729 850 1799 888 αὐτῷ

1029 892 1110 931 τούτῳ
1128 893 1249 930 μειζόνως
1273 893 1480 933 παροξυνοῦμεν;
1495 895 1549 922 Τοῦ
1569 894 1618 934 γὰρ
1640 894 1799 933 ἁμαρτάνειν

1028 938 1058 966 τὸ
1073 938 1137 976 μηδὲ
1152 940 1238 977 ἀλγεῖν
1250 939 1446 978 ἁμαρτάνοντας
1463 941 1560 976 μᾶλλον
1575 941 1730 978 ἀγανακτεῖν
1747 941 1798 968 αὐ-

1028 984 1070 1012 τὸν
1095 989 1162 1013 ποιεῖ
1183 985 1227 1013 καὶ
1252 985 1406 1024 ὀργίζεσθαι.
1430 985 1528 1024 Διόπερ
1553 987 1588 1018 εἰς
1611 985 1690 1020 αὐτὴν
1709 986 1799 1015 λοιπὸν

1029 1030 1097 1062 ἄξιον
1117 1031 1259 1058 καταδῦναι
1280 1030 1326 1064 τὴν
1347 1033 1405 1069 γῆν,
1421 1031 1465 1058 καὶ
1493 1031 1558 1068 μηδὲ
1572 1031 1615 1060 τὸν
1640 1031 1713 1066 ἥλιον
1738 1034 1799 1072 ὁρᾷν

1027 1079 1124 1111 τοῦτον,
1147 1075 1212 1114 μηδὲ
1241 1077 1361 1104 ἀναπνεῖν
1376 1076 1455 1111 ὅλως,
1473 1077 1512 1106 ὅτι
1528 1076 1608 1109 οὕτως
1633 1077 1798 1106 εὖκατάλλα-

1028 1133 1086 1150 κτον
1111 1122 1246 1156 Δεσπότην
1270 1122 1386 1160 ἔχοντες,
1411 1122 1585 1162 παροξύνομεν
1605 1135 1633 1151 τε
1655 1123 1741 1159 αὐτὸν,
1754 1123 1799 1152 καὶ

1027 1166 1209 1207 παροξύνοντες
1239 1168 1296 1196 οὐδὲ
1329 1172 1500 1206 μετανοοῦμεν
1519 1179 1525 1185 ·
1549 1168 1634 1197 καίτοι
1653 1181 1682 1207 γε
1708 1169 1799 1204 αὐτὸς,

1027 1213 1084 1241 οὐδὲ
1100 1212 1161 1241 ὅταν
1176 1213 1310 1252 ὀργίζηται
1329 1216 1411 1251 μισῶν
1430 1214 1475 1242 καὶ
1493 1214 1715 1254 ἀποστρεφόμενος
1728 1217 1799 1252 ἡμᾶς

1027 1263 1101 1288 τοῦτο
1130 1264 1216 1295 ποιεῖ,
1243 1261 1299 1288 ἀλλ’
1329 1259 1370 1288 ἵνα
1403 1259 1450 1288 κᾶν
1477 1259 1557 1293 οὕτως
1587 1264 1658 1298 ἡμᾶς
1685 1261 1797 1290 ἐπισπά-

1029 1317 1106 1340 σηται
1134 1306 1197 1345 πρὸς
1217 1305 1316 1334 ἑαυτόν.
1344 1307 1377 1334 Εἰ
1406 1305 1456 1345 γὰρ
1483 1306 1648 1345 ὑῧριζόμενος
1675 1307 1798 1341 διηνεκῶς

1029 1351 1176 1391 εὐηργέτει,
1207 1353 1304 1389 μᾶλλον
1335 1351 1364 1379 ἂν
1392 1352 1595 1392 κατεφρόνησας.
1615 1351 1664 1381 Ἵν’
1688 1347 1730 1381 οῦν
1760 1352 1796 1390 μὴ

1027 1401 1101 1426 τοῦτο
1124 1398 1248 1436 γένηται,
1265 1398 1452 1437 ἀποστρέφεται
1469 1398 1532 1438 πρὸς
1557 1398 1651 1437 ὀλίγον,
1676 1398 1719 1427 ἵνα
1741 1399 1797 1426 δια-

1028 1443 1122 1476 παντὸς
1134 1444 1162 1472 σὲ
1175 1444 1222 1483 ἔχῃ
1239 1445 1294 1482 μεθ’
1310 1446 1410 1472 ἑαυτοῦ.
1423 1444 1604 1484 Θαῤῥήσωμεν
1619 1444 1703 1473 τοίνυν
1719 1445 1798 1472 αὐτοῦ

1028 1492 1058 1528 τῇ
1076 1489 1271 1529 φιλανθρωπία,
1295 1490 1339 1518 καὶ
1364 1490 1501 1527 μετάνοιαν
1525 1489 1712 1528 ἐπιδειξώμεθα
1727 1492 1736 1504 ²
1749 1502 1798 1528 με-

1029 1535 1231 1575 μεριμνημένην,
1253 1536 1313 1575 πρὶν
1329 1534 1344 1569 ἢ
1359 1536 1406 1569 τὴν
1421 1535 1521 1575 ἡμέραν
1537 1538 1673 1570 ἐπιστῆναι
1688 1534 1735 1570 τὴν
1751 1536 1797 1564 οὐκ

1028 1583 1110 1610 ἐῶσαν
1133 1585 1203 1620 ἡμᾶς
1229 1582 1350 1621 κερδᾶναι
1378 1583 1407 1610 ἐκ
1423 1581 1522 1610 τούτου.
1545 1582 1598 1610 Νῦν
1622 1580 1667 1619 μὲν
1682 1581 1733 1620 ’γὰρ
1757 1582 1796 1619 ἐφ’

1027 1631 1089 1665 ἡμῖν
1104 1628 1133 1656 τὸ
1143 1633 1193 1656 πᾶν
1209 1632 1292 1656 κεῖται
1306 1639 1312 1644 “
1329 1627 1387 1656 τότε
1404 1627 1430 1656 δὲ
1445 1630 1458 1656 ὁ
1472 1627 1582 1660 δικάζων
1597 1627 1671 1665 μόνος
1683 1629 1730 1662 τῆς
1746 1627 1796 1665 ψή-

1028 1686 1074 1712 φου
1094 1673 1192 1712 γίνεται
1210 1673 1304 1712 κύριος.
1322 1673 1519 1713 Προφῡάσ1-1μεν
1536 1672 1620 1701 τοίνυν
1644 1673 1673 1701 τὸ
1692 1672 1795 1713 πρόσω-

1027 1732 1074 1748 πον
1090 1720 1167 1748 αὐτοῦ
1183 1721 1208 1748 ἐν
1224 1718 1420 1757 ἐξομολογήσει,
1433 1718 1596 1756 κλαύσωμεν,
1616 1718 1795 1758 Ορηνήσωμεν.

1026 1763 1070 1793 Ἂν
1089 1765 1139 1805 γὰρ
1160 1766 1307 1803 δυνηθῶμεν
1323 1764 1507 1804 παρακαλέσαι
1531 1764 1574 1792 τὸν
1599 1763 1724 1798 δικαστὴν
1745 1763 1796 1803 πρὸ

1025 1812 1071 1845 vx<
1086 1810 1175 1850 κυρίας
1191 1812 1292 1850 ἀφεῖναι
1308 1814 1371 1848 ἡμῖν
1388 1810 1421 1838 τὰ
1438 1809 1618 1849 ἁμαρτήματα
1630 1832 1637 1845 ,
1653 1808 1710 1838 οὐδὲ
1731 1808 1796 1837 εἰσό-

1026 1858 1068 1886 δου
1084 1857 1160 1897 χρεία
1181 1857 1270 1886 λοιπόν
1285 1869 1290 1874 ·
1309 1857 1398 1896 ὥσπερ
1413 1852 1456 1885 οἶν
1470 1856 1513 1885 ἐὰν
1530 1855 1566 1893 μὴ
1581 1859 1655 1884 τοῦτο
1673 1854 1795 1892 γένηται,

1026 1903 1138 1941 δημοσία
1150 1906 1195 1937 τῆς
1207 1903 1357 1941 οἰκουμένης
1372 1901 1503 1941 παρούσης
1512 1924 1519 1937 ‚
1536 1901 1644 1933 ἕκαστος
1654 1901 1730 1938 ἡμῶν
1745 1901 1796 1929 εἷσ-

1026 1949 1183 1988 αχθήσεται,
1208 1949 1252 1977 καὶ
1272 1948 1380 1986 οὐδεμία
1398 1952 1461 1986 ἡμῖν
1478 1948 1551 1976 ἔσται
1565 1947 1653 1975 λοιπὸν
1676 1945 1795 1984 συγγνώ-

1027 2007 1077 2032 μης
1089 1994 1168 2027 ἐλπίς.
1186 1995 1279 2027 Οὐδεὶς
1290 1994 1340 2033 γὰρ
1351 1996 1402 2022 τῶν
1416 1996 1524 2022 ἐνταῦθα
1535 2015 1542 2027 ,
1559 1992 1595 2030 μῆ
1610 1992 1796 2029 διαλυσάμενος

1024 2040 1057 2069 τὰ
1074 2040 1252 2079 ἁμαρτήματα
1261 2063 1267 2075 ,
1281 2038 1398 2068 ἀπελθὼν
1411 2041 1463 2067 ἐκεῖ
1478 2038 1615 2073 δυνήσεται
1626 2037 1672 2069 τὰς
1685 2037 1727 2065 ἐπὶ
1739 2036 1796 2065 τού-

1024 2098 1077 2119 τοις
1093 2085 1197 2118 εὐθύνας
1222 2086 1351 2124 ὂιαφυγεῐν
1363 2096 1369 2102 ·
1393 2085 1448 2112 ἀλλ’
1467 2083 1556 2123 ὥσπερ
1571 2083 1595 2111 οἳ
1611 2083 1663 2111 ἀπὸ
1683 2083 1735 2110 τῶν
1756 2082 1795 2110 δε-

1026 2131 1181 2171 σμωτηρίων
1190 2130 1286 2160 τούτων
1300 2129 1365 2168 μετὰ
1378 2132 1429 2158 τῶν
1440 2129 1554 2157 ἁλύσεων
1569 2128 1744 2168 προσάγονται
1758 2128 1794 2159 εἷς

1024 2178 1054 2206 τὸ
1066 2177 1240 2216 δικαστήριον,
1251 2175 1318 2205 οὕτω
1329 2175 1374 2204 καὶ
1388 2178 1414 2204 αἱ
1427 2175 1509 2214 ψυχαὶ
1523 2179 1623 2209 πᾶσαι,
1638 2173 1699 2202 ὅταν
1711 2175 1794 2202 ε’ντεῦ-

1026 2226 1066 2251 Οεν
1086 2223 1236 2258 ἀπέλθωσι,
1254 2222 1300 2254 τὰς
1316 2221 1435 2254 ποικίλας
1453 2220 1626 2260 περικείμενοι
1641 2219 1728 2259 σειρὰς
1742 2221 1793 2247 τῶν

1026 2268 1232 2309 ἁμαρτημάτων,
1248 2267 1290 2297 ἐπὶ
1305 2267 1334 2296 τὸ
1357 2269 1430 2305 βῆμα
1445 2267 1551 2305 ἄγονται
1564 2266 1593 2294 τὸ
1608 2264 1724 2304 φοὸερόν.
1741 2263 1794 2294 Καὶ

1025 2314 1075 2354 γὰρ
1090 2313 1267 2353 δεσμωτηρίου
1282 2313 1353 2342 οὐδὲν
1371 2314 1475 2351 ἄμεινον
1491 2315 1504 2340 ὁ
1515 2311 1606 2351 παρὼν
1624 2311 1678 2350 βίος
1691 2310 1793 2339 διάκει-

987 2368 1006 2390 D
1024 2375 1086 2392 ται·
1103 2365 1160 2392 ἀλλ’
1186 2363 1274 2402 ὥσπερ
1300 2365 1334 2395 εἰς
1355 2362 1385 2390 τὸ
1407 2362 1505 2400 οἴκημα
1524 2361 1678 2394 εἰσελθόντες
1695 2363 1792 2394 ἐκεῖνο,

1024 2414 1123 2446 πάντας
1134 2415 1233 2453 ὁρῶμεν
1246 2412 1258 2427 ¹³
1270 2413 1372 2445 ἁλύσεις
1385 2411 1577 2450 περικειμένους
1586 2423 1591 2428 ·
1604 2409 1671 2439 οὕτω
1686 2410 1730 2438 καὶ
1741 2413 1792 2444 νῦν,

1066 2517 1078 2536 b
1092 2514 1201 2546 Quidam
1225 2515 1317 2539 habent
1339 2517 1435 2540 ἁλύσεσι,
1457 2513 1532 2538 Paulo
1553 2519 1609 2546 post
1630 2518 1658 2542 εἰς
1677 2518 1734 2537 ante
1753 2517 1792 2541 τὴν

1034 2558 1126 2581 ἑκάστου
1138 2560 1208 2587 ψυχήν
1220 2554 1288 2579 deest
1301 2555 1325 2578 in
1336 2553 1420 2578 Morel.
1436 2553 1497 2578 solo.
