1876 2926
50 2106 120 2129 Psal.
137 2106 172 2129 18.

54 2139 88 2160 13.

197 191 264 236 762
541 206 570 230 s.
597 205 735 231 sommis
760 206 942 230 cunvsosr.

194 264 283 294 omnia
299 264 373 294 domi
386 276 491 305 pessum
507 275 586 305 eunt,
603 269 638 297 ita
661 275 690 296 ut
711 268 753 298 vel
768 268 830 296 solis
843 267 931 296 radios

195 311 304 340 moleste
324 312 390 340 ferat.
403 313 449 350 qui
470 313 530 342 talis
548 321 594 342 est.
611 316 714 343 Verum
731 325 763 342 ex
786 314 827 341 his
843 313 931 341 choris

195 357 263 385 nihil
280 357 453 396 injucundum
468 360 580 388 refertur
595 372 600 387 :
618 360 681 388 hinc
695 360 843 388 venientem
863 368 932 386 uxor

194 402 284 431 virum
294 411 460 432 mansuetum
473 412 497 433 et
512 406 602 433 mitem
612 405 737 444 excipiet,
749 405 783 432 ab
794 404 865 432 omni
880 404 930 432 ab—

195 449 274 477 surda
286 450 422 489 voluptate
437 451 562 486 liberum,
577 458 600 479 et
620 451 765 479 faciliorem
779 461 859 488 quam
873 457 932 478 ante

195 496 315 534 reperiet.
333 496 394 524 llaec
411 497 480 524 mala
495 497 590 525 chorus
606 497 658 532 ille⁷
674 497 731 524 haec
744 497 813 524 bona
828 497 871 524 hie
886 508 932 536 pa-

195 541 244 569 rit:
261 542 305 570 ille
316 553 349 571 ex
366 542 460 570 ovibus
476 543 561 581 lupos,
576 543 621 570 hic
632 554 665 570 ex
677 542 747 581 lupis
763 553 846 580 agnos
861 542 931 570 facit.

195 587 248 616 Sed
266 588 353 616 forsan
368 588 401 615 de
416 588 552 627 voluptate
566 589 632 616 nihil
644 588 733 616 adhuc
746 588 846 616 dixisse
859 588 934 617 vide·
950 598 967 620 13

196 646 263 663 mur-
279 635 351 670 Quid
358 635 464 663 dulcius
471 647 552 673 quam
562 637 682 664 animum
695 647 742 664 nec
757 636 933 675 perturbatio-

196 692 227 710 ne
244 692 291 710 nec
301 681 392 709 dolore
405 682 535 719 agitatum
552 683 660 718 habere,
680 694 826 722 numquam
843 683 869 710 in
885 682 933 711 do-

194 728 250 756 lore
261 739 325 763 esse,
337 729 378 757 vel
389 729 578 766 ingemiscere?
588 732 778 759 Verumtamen
788 741 932 758 sermonem

196 774 307 802 ulterius
328 775 519 814 producamus,
536 783 616 814 atque
637 777 773 815 utriusque
794 783 851 804 tum
868 787 932 804 can-

195 826 246 855 tus,
263 827 320 849 tum
334 821 477 859 spectaculi
493 821 623 859 gaudium
637 823 819 850 examinemus
837 834 843 849 z
860 822 934 850 vide-

194 865 335 904 bimusque
346 866 420 895 aliud
435 878 517 905 usque
527 868 562 896 ad
576 879 711 907 vesperam
725 880 838 905 manere,
851 868 934 897 donec

195 911 293 940 scilicet
311 912 336 940 in
360 912 461 941 theatro
478 920 609 952 spectator
627 914 713 950 sedet,
730 914 825 942 deinde
846 921 934 942 autem

195 957 303 985 stimulo
323 958 411 986 acrius
433 958 521 997 ipsum
541 970 674 998 pungere;
689 959 735 988 hic
755 966 843 987 autem
865 969 933 998 gau-

193 1003 270 1031 dium
280 1011 406 1043 perpetuo
418 1005 508 1043 vigere
518 1005 545 1033 in
558 1006 733 1044 spectantium
746 1006 843 1034 animis
854 1017 860 1032 t
873 1017 934 1034 nam

194 1056 219 1077 et
232 1049 351 1077 virorum
366 1050 489 1085 sormam,
502 1057 526 1078 et
547 1050 596 1078 loci
608 1051 813 1089 jucunditatem,
835 1058 859 1079 et
873 1062 934 1079 con-

194 1095 351 1123 versationis
363 1095 543 1133 dulcedinem,
556 1103 580 1124 et
598 1096 659 1125 vitae
674 1097 825 1136 puritatem,
836 1103 860 1124 et
874 1096 934 1136 pul-

195 1140 318 1168 cherrimi
337 1141 536 1180 spiritualisque
552 1142 647 1170 cantici
665 1143 778 1180 gratiam
794 1142 891 1170 habent
907 1142 933 1170 in

195 1197 223 1215 se
237 1197 340 1226 semper
356 1187 520 1216 insidentem.
536 1188 588 1222 Qui
608 1188 659 1216 hoc
676 1188 758 1226 igitur
774 1195 851 1227 portu
867 1199 933 1216 sem—

195 1243 241 1271 per
254 1233 388 1269 fruuntur‚
402 1234 547 1261 tumultum
563 1241 651 1273 postea
664 1234 738 1272 quasi
753 1241 933 1273 tempestatem

195 1278 309 1316 fugiunt.
325 1279 415 1316 Neque
426 1279 512 1307 solum
526 1286 645 1307 canentes
660 1279 700 1307 vel
721 1287 856 1318 precantes
866 1302 873 1315 ,
888 1279 934 1308 sed

196 1323 275 1350 etiam
286 1323 361 1351 libris
371 1323 475 1357 intenti,
485 1324 635 1363 jucundum
650 1324 802 1353 videntibus
817 1325 935 1363 praebent

197 1369 386 1407 spectaculum.
408 1369 500 1397 Soluto
520 1370 620 1408 quippe
641 1370 721 1397 choro
745 1370 814 1398 alius
838 1370 934 1397 lsaiam

197 1425 303 1442 sumens
314 1425 374 1442 cum
387 1415 444 1453 ipso
453 1415 579 1452 loquitur;
590 1416 658 1443 alius
670 1426 729 1443 cum
741 1416 866 1454 apostolis
876 1427 935 1444 ver-

197 1467 289 1495 satur3
307 1460 376 1487 alius
391 1460 424 1487 ab
434 1460 494 1487 aliis
506 1461 666 1499 conscriptos
678 1461 760 1488 libros
775 1461 848 1499 legit,
862 1462 936 1490 aede

198 1507 254 1534 Deo
270 1505 481 1544 philosophatur,
492 1506 525 1534 de
541 1507 672 1542 universo,
684 1506 716 1535 de
731 1507 891 1543 visibilibus,
902 1508 936 1537 de

198 1551 387 1588 invisibilibus,
397 1551 430 1579 de
446 1552 626 1589 sensibilibus,
642 1553 675 1580 de
693 1553 886 1591 spiritualibus,
901 1553 934 1583 de

198 1597 301 1627 vilitate
313 1597 393 1637 hujus
405 1598 474 1635 vitm,
489 1597 522 1626 de
535 1598 631 1627 l'uturae
648 1598 839 1638 magnitudine.

239 2052 265 2080 5.
279 2051 389 2079 Aluntur
401 2058 490 2079 autem
501 2050 560 2079 cibo
570 2051 679 2090 optimo,
691 2062 741 2079 non
753 2050 868 2080 decoctis
879 2052 935 2080 ani-

200 2097 310 2125 malium
337 2097 469 2133 carnibus,
493 2097 538 2125 sed
558 2097 670 2135 eloquiis
694 2098 742 2126 Dei
769 2098 936 2126 dulcioribus

200 2153 280 2180 quam
296 2143 349 2170 mel
364 2149 387 2170 et
400 2143 491 2170 savum
507 2154 512 2169 :
526 2143 577 2170 mel
593 2143 722 2179 mirabile,
737 2143 871 2181 multoque
882 2154 935 2171 me-

200 2187 252 2215 lius
266 2198 344 2225 quam
358 2186 426 2214 illud
444 2198 497 2225 quo
511 2189 625 2216 Juannes
637 2188 663 2215 in
677 2188 779 2216 deserto
798 2189 862 2216 olim
876 2189 934 2217 ale-

199 2233 286 2261 batur.
300 2233 355 2261 Mel
368 2233 466 2272 quippe
476 2234 547 2261 istud
562 2245 612 2261 non
628 2245 689 2273 apes
700 2242 812 2273 agrestes
825 2236 935 2263 floribus

200 2280 342 2308 insidentes
361 2279 506 2317 colligunt,
527 2291 611 2318 neque
626 2291 712 2308 rorem
729 2289 882 2310 concoctum
896 2283 935 2310 al-

200 2326 323 2353 vearibus
345 2325 399 2353 suis
417 2326 563 2353 immittunt
575 2338 581 2360 ;
595 2326 640 2354 sed
654 2326 770 2365 Spiritus
789 2328 872 2365 gratia
890 2340 936 2367 ap-

200 2382 296 2410 parans
310 2382 357 2410 pro
378 2372 455 2407 favis,
472 2372 622 2400 alvearibus
639 2379 664 2400 et
680 2373 777 2401 fistulis
794 2374 819 2401 in
832 2382 936 2402 sancto—

201 2427 260 2445 rum
271 2417 371 2445 animas
382 2417 511 2454 immittit,
526 2425 555 2445 ut
577 2418 688 2456 quisque
697 2419 778 2457 possit
791 2430 838 2458 pro
853 2420 937 2448 lubito

233 2513 244 2525 a
261 2505 347 2530 Morel.
359 2508 507 2535 ἀπολαύοντες
520 2509 646 2535 διαπαντός.

235 2546 246 2557 ⁸
265 2544 345 2576 [Cod.
359 2546 405 2570 874
416 2551 442 2570 et
456 2544 533 2571 savit.
547 2547 668 2571 omittunt
678 2549 709 2572 δέ.
723 2546 871 2572 Commelin,
884 2549 953 2573 uncis

201 2583 326 2616 includit]

971 208 1128 232 ARCfflEP.
1156 210 1417 236 CONSTANTlNOP.

985 270 1162 309 ἀναχωροῦσι,
1180 272 1224 300 καὶ
1250 273 1413 311 αἰχμάλωτοι
1433 275 1520 303 λοιπὸν
1543 277 1578 309 εἰς
1596 276 1643 310 τὰς
1667 277 1748 311 οἰκίας

985 314 1144 354 εἰσέρχονται
1159 316 1206 349 τὰς
1221 319 1328 346 ἑαυτῶν.
1351 319 1484 348 Ἐντεῦθεν
1500 322 1526 349 αἱ
1542 321 1642 361 ὕίρεις,
1657 323 1701 352 καὶ
1721 325 1748 351 αἱ

985 360 1102 397 ἀτιμίαι,
1129 363 1241 391 ἐντεῦθεν
1264 365 1290 391 αἱ
1306 364 1459 403 ἀπέχθειαι,
1474 368 1497 394 οἱ
1520 366 1647 404 πόλεμοι,
1662 371 1685 397 οἱ
1704 368 1749 397 002-

986 416 1057 434 νατοι
1075 408 1098 434 οἱ
1109 408 1278 447 καθημερινοί
1287 420 1292 426 ·
1309 411 1421 438 ἐντεῦθεν
1436 410 1545 444 ἀὸίωτος
1568 417 1619 445 τοῖς
1647 413 1749 442 ἁλοῦσιν

985 452 998 478 6
1020 451 1088 489 βίος·
1102 453 1145 481 καὶ
1157 456 1173 488 ἡ
1186 459 1336 483 συνοικοῦσα
1349 457 1438 485 λοιπὸν
1452 457 1544 492 ἀηδὴς,
1556 457 1600 486 καὶ
1614 458 1647 486 τὰ
1657 458 1750 487 παιδία

985 498 1033 536 οὐχ
1044 497 1139 535 ὁμοίως
1153 500 1258 529 ποθεινὰ
1268 524 1274 535 ,
1292 501 1335 529 καὶ
1349 502 1435 530 πάντα
1451 503 1504 531 ἅνω
1520 504 1565 531 καὶ
1575 504 1647 532 κάτω
1660 503 1693 532 τὰ
1704 507 1751 539 τῆς

986 542 1084 579 οἰκίας,
1103 544 1146 572 καὶ
1165 547 1207 574 ὑπ’
1222 548 1300 581 αὐτῆς
1312 548 1400 576 λοιπὸν
1416 550 1463 582 τῆς
1478 550 1578 582 ἀκτῖνος
1592 551 1750 588 ἐνοχλεῖσθαι

987 588 1064 617 δοκεῖ.
1084 589 1152 618 Ἀλλ’
1176 592 1221 619 οὐκ
1245 592 1296 620 ἀπὸ
1321 595 1371 620 τῶν
1392 595 1477 633 χορῶν
1496 594 1593 623 τούτων
1611 595 1689 629 ἀηδία
1712 607 1751 627 τις

986 635 1106 671 τοιαύτη·
1123 638 1179 665 ἀλλ’
1195 637 1291 677 ἥμερον
1314 639 1358 667 καὶ
1378 644 1460 679 πρᾶον
1474 643 1491 675 ἡ
1505 640 1568 679 γυνὴ
1585 640 1684 674 δέξεται
1707 641 1751 670 τὸν

987 680 1081 720 ἄνδρα,
1094 682 1179 717 πάσης
1193 684 1286 718 ἡδονῆς
1306 683 1401 713 ἀτόπου
1417 686 1630 724 ἀπηλλαγμένον,
1645 687 1689 714 καὶ
1710 687 1752 715 εὖ-

987 727 1129 767 κολώτερον
1151 730 1220 767 αὐτῷ
1236 730 1364 769 χρήσεται
1376 730 1391 765 ἢ
1403 732 1453 769 πρὸ
1467 731 1565 760 τούτου.
1577 733 1692 762 Τοιαῦτα
1704 732 1751 770 μὲν

987 774 1000 800 6
1018 773 1094 812 χορὸς
1110 775 1204 806 ἐκεῖνος
1216 775 1297 803 τίκτει
1319 776 1400 811 κακὰ,
1413 772 1484 810 οὗτος
1505 777 1531 806 δὲ
1553 778 1652 816 ἀγαθά·
1672 781 1685 806 6
1705 777 1751 816 μὲν

988 818 1040 847 ἀπὸ
1054 819 1191 858 προίῗάτων
1219 821 1311 854 λύκους
1335 823 1429 858 ποιῶν,
1454 818 1526 856 οὗτος
1546 823 1573 852 δὲ
1594 823 1646 852 ἀπὸ
1668 823 1752 853 λύκων

989 864 1102 903 ἀρνειοὺς
1123 867 1298 905 ἐργαζόμενος.
1324 867 1390 896 Ἀλλ’
1417 869 1488 897 οὔπω
1511 869 1570 909 περὶ
1593 873 1640 905 τῆς
1660 871 1753 905 ἠδονῆς

988 910 1058 939 οὐδὲν
1074 911 1173 940 οὐδέπω
1183 914 1252 952 τάχα
1264 914 1412 953 εἰρήκαμεν.
1429 915 1481 943 Καὶ
1491 915 1517 943 τί
1534 916 1625 954 γένοιτ’
1640 915 1669 944 ἂν
1680 916 1751 951 ἥδιον

988 959 1032 984 τοῦ
1056 957 1091 994 μὴ
1113 959 1274 997 θορυὸεῖσθαι
1296 960 1362 997 μηδὲ
1390 961 1527 989 ὀδυνᾶσθαι
1549 961 1595 996 τὴν
1622 962 1752 998 διάνοιαν,

989 1002 1054 1039 μηδὲ
1065 1005 1170 1040 ἀθυμεῖν
1181 1005 1225 1032 καὶ
1238 1005 1334 1034 στένειν
1347 1019 1353 1041 ;
1374 1006 1449 1040 Πλὴν
1466 1006 1532 1035 ἀλλὰ
1546 1007 1590 1035 καὶ
1606 1008 1752 1047 περαιτέρω

988 1048 1030 1075 τὸν
1044 1048 1119 1086 λόγον
1134 1050 1334 1089 προαγάγωμεν,
1346 1052 1391 1079 καὶ
1412 1051 1536 1085 ἑκατέρας
1557 1055 1603 1087 τῆς
1620 1054 1688 1091 ᾠδῆς
1709 1054 1754 1082 καὶ

987 1095 1033 1127 τῆς
1045 1093 1103 1126 Θέας
1115 1094 1160 1129 τὴν
1178 1095 1319 1124 ἀπόλαυσιν
1335 1095 1494 1134 ἐξετάσωμεν
1505 1109 1510 1114 ·
1521 1098 1565 1126 καὶ
1579 1098 1694 1136 ὀψόμεθα
1706 1098 1753 1133 τὴν

988 1138 1034 1176 μὲν
1055 1139 1146 1179 μέχρις
1168 1140 1278 1180 ἑσπέρας
1301 1141 1438 1179 μένουσαν,
1458 1141 1506 1174 ἕως
1520 1142 1549 1171 ἂν
1566 1145 1591 1172 ἐν
1603 1146 1640 1183 τῷ
1655 1143 1753 1184 Οεᾶτρῳ

987 1184 1127 1219 καθέζηται
1142 1188 1155 1214 ὁ
1177 1186 1284 1221 θεατὴς,
1301 1186 1366 1224 μετὰ
1388 1186 1414 1215 δὲ
1434 1191 1516 1216 ταῦτα
1534 1188 1638 1228 κέντρου
1658 1190 1754 1222 παντὸς

985 1230 1167 1271 χαλεπώτερον
1191 1235 1303 1261 ἀνιῶσαν
1329 1232 1419 1261 αὐτόν·
1447 1235 1555 1262 ἐνταῦθα
1580 1234 1606 1262 δὲ
1631 1235 1754 1270 διηνεκῶς

986 1276 1180 1313 ἐνακμοίζουσαν
1203 1283 1259 1310 ταῖς
1274 1279 1369 1316 ψυχαῖς
1382 1280 1433 1306 τῶν
1456 1279 1622 1318 ἑωρακότων·
1644 1280 1689 1308 καὶ
1703 1279 1753 1320 γὰρ

987 1322 1032 1349 καὶ
1054 1323 1105 1350 τῶν
1127 1324 1225 1362 ἀνδρῶν
1246 1325 1289 1352 τὸν
1308 1323 1404 1359 τύπον,
1428 1324 1472 1352 καὶ
1486 1329 1530 1353 τοῦ
1551 1325 1630 1354 τόπου
1653 1326 1683 1354 τὸ
1698 1338 1753 1365 τερ·

987 1367 1064 1401 πνὸν,
1079 1368 1123 1395 καὶ
1143 1371 1189 1403 τῆς
1208 1370 1336 1408 διαγωγῆς
1347 1370 1376 1398 τὸ
1395 1370 1490 1407 γλυκὺ,
1505 1371 1549 1398 καὶ
1563 1373 1609 1405 τῆς
1623 1372 1754 1404 πολιτείας

987 1412 1017 1440 τὸ
1030 1413 1152 1452 καθαρὸν,
1173 1414 1218 1442 καὶ
1239 1417 1285 1449 τῆς
1305 1414 1446 1450 καλλίστης
1462 1416 1529 1454 ᾠδῆς
1550 1416 1594 1444 καὶ
1616 1429 1754 1454 πνευματι-

988 1460 1035 1492 κῆς
1050 1458 1097 1493 τὴν
1119 1459 1196 1498 χάριν
1217 1459 1319 1498 ἔχουσιν
1344 1461 1368 1488 ἐν
1391 1462 1489 1492 ἑαυτοῖς
1515 1462 1654 1494 διαπαντὸς
1672 1462 1754 1494 ἔνιζοί-

987 1515 1072 1532 νοντα.
1097 1506 1132 1532 Οἱ
1152 1508 1211 1543 γοῦν
1232 1505 1328 1533 τούτων
1348 1508 1357 1520 ³
1370 1505 1540 1539 ἀπολαύοντες
1560 1507 1682 1542 διηνεκῶς
1702 1509 1753 1535 τῶν

986 1549 1108 1586 λιμένων,
1123 1549 1213 1589 ὥσπερ
1237 1550 1295 1578 τινὰ
1320 1553 1440 1589 χειμῶνα
1458 1551 1546 1580 λοιπον
1564 1551 1683 1591 φεύγουσι
1702 1555 1754 1581 τῶν

986 1597 1090 1624 πολλῶν
1106 1595 1164 1628 τοὺς
1178 1595 1309 1636 Οορύῧους,
1335 1598 1392 1625 Οὐκ
1414 1597 1516 1636 ᾅδοντες
1533 1596 1559 1625 δὲ
1580 1598 1671 1636 μόνον,
1698 1597 1754 1628 οὐδὲ

987 1641 1120 1679 εὐχόμενοι
1130 1664 1137 1677 ,
1150 1642 1217 1670 ἀλλὰ
1234 1641 1278 1670 καὶ
1294 1647 1350 1674 ταῖς
1367 1642 1465 1681 βίὸλοις
1476 1643 1687 1682 προσηλωμένοι,
1698 1657 1755 1684 τερ-

986 1687 1048 1715 πνόν
1073 1699 1098 1715 τι
1116 1687 1200 1725 θέαμα
1223 1692 1275 1720 τοῖς
1296 1687 1388 1727 ὑρῶσίν
1408 1690 1480 1717 εἰσιν.
1502 1688 1624 1717 Ἐπειδὰν
1645 1689 1696 1730 γὰρ
1711 1691 1754 1719 τὸν

987 1734 1064 1773 χορὸν
1086 1733 1253 1769 διαλύσωσιν,
1268 1737 1281 1763 ὃ
1301 1733 1346 1772 μὲν
1363 1734 1405 1762 τὸν
1427 1733 1538 1762 Ἡσαΐαν
1553 1734 1641 1764 laeam
1665 1736 1755 1776 ἐκείνῳ

988 1779 1149 1818 διαλέγεται·
1171 1782 1184 1808 6
1207 1779 1234 1808 δὲ
1255 1785 1307 1813 τοῖς
1328 1779 1480 1813 ἀποστόλοις
1506 1782 1604 1818 ὁμιλεῖ·
1620 1781 1704 1821 ἕτερος
1722 1783 1756 1811 τὰ

988 1827 1050 1865 παρ’
1061 1825 1154 1865 ἑτέρων
1167 1825 1312 1861 πονηθέντα
1327 1826 1424 1861 ἔπεισι,
1437 1826 1481 1854 καὶ
1492 1828 1625 1866 φιλοσοφεῖ
1634 1828 1647 1841 *
1658 1827 1684 1856 δὲ
1695 1828 1755 1868 περὶ

989 1872 1070 1907 Θεοῦ,
1086 1872 1145 1911 περὶ
1166 1872 1238 1900 τοῦδε
1260 1875 1304 1900 τοῦ
1327 1871 1439 1907 παντὸς,
1456 1871 1515 1910 περὶ
1534 1873 1585 1900 τῶν
1607 1873 1755 1912 ὁρωμένων,

990 1917 1049 1956 περὶ
1063 1919 1114 1945 τῶν
1127 1918 1253 1957 ἀοράτων,
1270 1918 1328 1957 περὶ
1350 1918 1488 1953 αἰσθητῶν,
1504 1918 1564 1957 περὶ
1577 1920 1684 1955 νοητῶν,
1696 1920 1756 1959 περὶ

991 1965 1036 1997 τῆς
1053 1963 1179 1996 εὐτελείας
1192 1967 1236 1992 τοῦ
1247 1963 1373 2003 παρόντος
1394 1963 1449 2002 βίου
1460 1985 1467 1998 ,
1488 1963 1548 2002 περὶ
1570 1966 1615 1998 τῆς
1633 1968 1677 1993 τοῦ
1692 1965 1756 2002 με’λ-

991 2009 1077 2041 λοντος
1095 2008 1107 2023 ¹'
1119 2009 1325 2047 μεγαλειότητος.

1030 2054 1083 2082 Καὶ
1094 2055 1229 2094 τρέφονται
1241 2054 1335 2094 τροφὴν
1356 2053 1474 2093 ἀρίστην,
1488 2055 1515 2083 οὖ
1536 2054 1634 2094 σάρκας
1655 2054 1754 2095 ἀλόγων

991 2100 1122 2139 ἑψημένας
1131 2099 1344 2139 παρατιθέμενοι,
1357 2099 1423 2128 ἀλλὰ
1433 2099 1509 2137 λόγια
1521 2101 1589 2128 Θεοῦ
1600 2103 1610 2115 ⁶
1620 2100 1684 2140 ὑπὲρ
1696 2102 1756 2140 μέλι

991 2146 1034 2175 καὶ
1049 2146 1150 2184 κηρίον·
1169 2145 1228 2183 μέλι
1249 2145 1404 2183 θαυμάσιον,
1423 2145 1466 2173 καὶ
1490 2147 1579 2185 πολλῷ
1602 2152 1716 2186 κρεῖττον
1737 2147 1755 2182 ἢ

991 2192 1059 2220 κατὰ
1073 2192 1119 2226 τὴν
1135 2192 1229 2230 ἔρημον
1247 2194 1259 2219 ὁ
1272 2190 1394 2225 Ἰωάννης
1413 2191 1442 2219 τὸ
1462 2192 1573 2220 παλαιὸν
1586 2194 1701 2222 ἐσιτεῖτο.
1717 2195 1758 2223 Τὸ

991 2238 1041 2277 γὰρ
1055 2238 1112 2275 μέλι
1128 2241 1202 2266 τοῦτο
1220 2239 1248 2265 οὐ
1264 2236 1384 2274 με’λιτταί
1398 2249 1464 2269 τινες
1479 2238 1568 2276 ἄγριαι
1586 2243 1639 2271 τοῖς
1655 2239 1756 2268 ἄνθεσιν

990 2285 1152 2323 ἐφιζάνουσαι
1167 2283 1341 2321 συλλέγουσιν,
1353 2282 1408 2311 οὐῗὲ
1422 2283 1510 2321 δρόσον
1522 2284 1694 2313 πεπαίνουσαι
1705 2290 1758 2318 τοῖς

991 2329 1110 2368 σίμέλοις
1130 2330 1225 2357 ἐνιᾶσιν
1235 2340 1240 2345 ·
1259 2329 1315 2356 ἀλλ’
1329 2331 1345 2363 ἡ
1361 2331 1404 2356 τοῦ
1419 2328 1571 2366 Πνεύματος
1587 2329 1662 2368 χάρις
1676 2342 1756 2359 κατα-

991 2375 1148 2408 σκευάζουσα
1165 2374 1221 2402 ἀντὶ
1236 2373 1342 2413 κηρίων,
1357 2373 1401 2402 καὶ
1421 2373 1548 2411 σίμὸλων,
1565 2375 1611 2402 καὶ
1627 2375 1755 2414 συρίγγων

990 2425 1047 2453 ταῖς
1066 2423 1118 2449 τῶν
1131 2420 1210 2459 ἁγίων
1229 2419 1407 2449 ἐναποτίθεται
1424 2421 1535 2458 ψυχαῖς,
1552 2419 1618 2448 ὥστε
1637 2416 1701 2450 εἶναι
1719 2423 1757 2461 τῷ

1035 2511 1049 2529 l,
1067 2509 1176 2540 Quidam
1192 2515 1366 2543 μακαριότητος.

1036 2556 1045 2566 ⁰
1062 2550 1071 2580 [
1083 2547 1158 2574 Savil.
1170 2556 1183 2572 e
1196 2547 1260 2574 Bibl.
1272 2548 1369 2580 supplet
1382 2547 1526 2582 γλυκύτερα]
