1876 2926
234 202 299 226 „tl

236 218 302 245 [Ι-Ι·

233 273 302 301 ciica
314 273 444 312 perituras
456 272 580 312 pecunias
596 283 692 312 parcus
705 273 752 301 cs'?
768 281 878 310 ecquam
889 270 973 299 habc—

232 319 274 348 his
287 319 414 349 veniam?
428 318 478 348 Sed
491 319 589 348 liberos
603 319 721 359 respicis,
734 325 759 347 et
771 318 880 346 illorum
895 326 972 345 causa

231 366 296 396 darc
306 366 426 406 refugis?
438 366 472 395 Et
479 366 527 395 hos
537 376 643 405 quoque
655 365 763 394 institue
773 364 807 392 ad
817 362 972 403 hujusmodi

232 412 350 442 facienda
365 413 448 442 lucra.
464 414 533 442 Nam
547 413 568 441 si
583 419 724 450 argentum
739 410 849 439 haberes
861 409 911 439 sub
927 409 973 438 foe-

233 469 295 487 nore
307 458 464 487 collocatum
474 482 482 496 ,
499 465 524 487 et
539 457 645 486 debitor
661 457 761 496 probus
781 463 847 486 esset
858 479 865 493 ,
880 455 974 484 malles

233 511 303 533 certe
312 505 493 545 syngrapham
505 514 585 542 quam
595 514 691 531 aurum
705 502 762 530 filio
776 502 933 540 relinquere,
944 507 974 529 ut

234 550 295 579 inde
309 558 453 590 proventus
472 550 522 589 ipsi
538 556 605 578 essct
619 559 731 587 magnus
742 571 750 585 ,
772 558 819 576 nec
837 553 974 586 cogeretur

234 597 299 626 alios
314 608 430 636 quaerere
441 596 486 625 11111
497 602 583 635 posset
598 595 734 623 collocare.
744 594 824 622 Nunc
837 593 973 631 chirogra-

235 643 319 682 phum
335 642 489 682 hujusmodi
504 641 569 670 filiis
580 640 653 677 dato,
669 647 694 669 et
710 641 797 668 Deum
811 639 876 678 ipsis
893 638 973 666 relin-

234 699 285 726 que
296 688 453 717 debitorem.
471 689 555 726 Agros
573 697 625 715 non
639 685 741 723 vendis,
759 684 805 713 sed
816 684 880 712 filiis
894 683 974 712 relin-

233 737 303 774 quis,
319 743 348 764 ut
364 742 508 775 proventus
527 740 667 769 maneat,et
689 732 804 761 accessio
818 731 872 760 illis
889 741 973 770 pecu-

233 782 338 810 niarum
346 782 392 810 fiat
404 794 409 809 :
421 782 471 810 hoc
480 792 558 820 porro
569 779 787 818 chirographum,
797 777 892 816 quovis
901 787 974 816 agro,

232 828 373 866 quibusvis
392 827 565 867 proventibus
585 825 764 862 fructuosius,
781 831 806 853 et
832 831 869 852 tot
890 824 976 852 serens

232 874 344 909 fructus,
359 874 507 912 relinquere
520 872 618 901 times?
634 882 715 910 ecqua
730 870 916 908 stultitia,quae
935 869 975 898 in-

233 920 305 948 sania
317 920 372 949 haec
386 927 423 948 est
433 921 446 948 ζ’
462 919 496 948 Et
510 919 561 947 1100
577 929 639 947 011111
655 918 722 946 scias
734 924 767 953 te,
780 916 886 945 etiamsi
907 915 976 944 illud

234 966 298 994 filiis
314 966 459 1005 relinquas,
476 964 545 993 illud
561 971 648 993 tamen
663 964 803 992 abeuntem
821 969 907 990 tecum
921 972 976 990 esse

233 1018 409 1050 portaturum.
422 1011 499 1040 Talia
512 1011 612 1050 quippe
626 1016 686 1038 sunt
700 1008 859 1048 spiritualia,
871 1017 976 1046 magna-

232 1069 283 1097 que
307 1058 430 1097 largitate
451 1059 587 1086 fruuntur.
612 1058 652 1086 Ne
677 1057 766 1094 itaque
787 1055 822 1083 ita
847 1065 976 1094 pauperes

231 1106 320 1134 animo
332 1106 426 1140 simus,
442 1116 525 1144 neque
537 1115 598 1143 erga
613 1114 660 1132 nos
675 1103 745 1142 ipsos
760 1101 899 1130 inhumani
914 1111 975 1129 eva-

232 1152 337 1189 damus,
357 1151 403 1180 sed
416 1151 484 1179 hanc
499 1157 677 1189 quaestuosam
694 1154 869 1177 mercaturam
891 1146 974 1175 susci-

232 1198 346 1237 piamus,
358 1205 387 1226 ut
398 1204 422 1226 et
432 1197 483 1237 ipsi
494 1197 557 1225 111110
568 1196 713 1236 migrantes
728 1195 802 1223 illam
813 1193 973 1230 auferamus,

233 1250 258 1272 et
277 1250 363 1272 tamen
380 1243 444 1271 filiis
459 1243 641 1281 relinquamus
655 1264 661 1278 ‚
677 1242 818 1278 futuraque
833 1249 973 1277 consequa-

234 1300 294 1317 mur
312 1289 391 1326 bona,
412 1288 496 1327 gratia
520 1295 544 1316 et
563 1286 744 1316 misericordia
762 1285 870 1314 Domini
891 1284 974 1313 nostri

234 1338 296 1366 Jesu
312 1336 421 1372 Christi,
435 1336 544 1374 quicum
560 1334 632 1363 Patri
649 1341 674 1362 et
687 1332 801 1373 Spiritui
813 1338 902 1360 sancto
914 1331 973 1370 glo-

235 1383 284 1418 ria,
298 1382 450 1422 imperium,
462 1382 556 1419 honor,
568 1391 639 1410 nunc
651 1387 675 1409 et
683 1389 793 1419 semper,
802 1378 864 1407 etin
878 1377 973 1407 saecula
992 1381 1010 1403 l)

234 1429 400 1458 saeculorum.
422 1430 513 1458 Amen.

591 211 605 233 S
612 225 619 233 .
811 209 990 233 ΕΙΙΚΥδΟδΤ.

649 211 783 234 ,ΙΟΑΝΝΙΞ

991 371 1007 392 B

268 1770 279 1788 b
298 1768 383 1792 Morel.
398 1771 497 1794 τοσαῦτα
510 1772 570 1792 κάκεῖ
581 1770 678 1799 μέλλων.

267 1815 277 1825 0
296 1806 379 1832 Morel.
390 1810 508 1841 προσόδους
519 1808 685 1832 καταθκλὲσθαι
697 1808 804 1838 γενέσθαι.

1025 210 1042 231 Α
1048 209 1177 232 RCfflEP.
1205 209 1466 233 CONSTANTINOP-

1023 271 1103 304 πεζαν
1116 271 1200 309 ἱεράν·
1213 271 1387 310 ἐπηγγείλατο
1404 271 1538 310 βασιλείαν
1550 272 1594 301 καὶ
1609 271 1641 301 τὰ
1658 272 1794 312 ἀπόρρητα

1024 317 1118 356 ἀγαθά.
1129 319 1253 346 Τοσαῦτα
1260 317 1344 346 τοίνυν
1355 317 1453 352 kagan,
1467 316 1480 332 ²‘
1488 322 1602 347 τοσαῦτα
1613 318 1715 356 μέλλων
1726 319 1795 356 λαμ-

1025 363 1111 392 ὅοίνειν
1122 363 1216 398 (πάλιν
1230 363 1281 403 γὰρ
1295 364 1324 393 τὸ
1336 364 1398 392 αὐτὸ
1412 365 1463 403 ἐρῶ
1473 366 1491 400 >,
1501 363 1561 403 περὶ
1576 364 1702 403 χρήματα
1715 365 1796 393 ἀπολ-

1027 407 1124 446 λύμενα
1137 411 1289 449 μικρολογῇ,
1303 409 1348 438 καὶ
1362 409 1438 438 ποίαν
1453 409 1517 442 ἕξεις
1538 409 1708 448 συγγνώμην,
1719 409 1796 438 Ἀλλὰ

1027 453 1086 487 τοὺς
1097 455 1192 487 παῖδας
1204 455 1308 488 πάντως
1321 457 1381 495 ὁρᾷς
1390 478 1397 491 ,
1408 455 1454 483 καὶ
1465 456 1497 483 δι’
1514 454 1604 487 αὐτοὺς
1619 455 1730 494 &vongum
1744 454 1797 484 Καὶ

1030 499 1081 538 μὴν
1094 500 1226 534 κάκείνους
1233 501 1370 530 παιδευσον
1378 504 1486 530 τοιαῦτα
1496 500 1638 540 κερδαίνειν
1646 500 1734 540 κέρδη.
1744 500 1797 529 Καὶ

1029 545 1079 585 γὰρ
1094 547 1115 574 εἰ
1127 546 1247 586 ἀργύριον
1262 550 1293 582 ἠν
1307 559 1346 575 σοι
1369 546 1562 584 δεδανεισμενον
1579 558 1624 575 και
1637 546 1726 579 τόκους
1748 546 1796 585 φέ-

1031 604 1082 648 ρον,
1096 595 1151 620 εἶτα
1173 592 1306 631 ὀφειλέτης
1323 592 1461 632 εὖγνωμων
1483 596 1524 628 ἠν,
1539 592 1660 632 μυριάκις
1680 592 1710 620 ἂν
1731 591 1798 621 είλου

1028 637 1085 666 ἀντι
1099 650 1143 666 του
1154 650 1261 677 χρυσιου
1275 650 1304 667 το
1317 642 1497 678 γραμματεῖον
1517 640 1670 667 καταλιπεῖν
1684 640 1722 677 τῷ
1733 649 1797 666 παι·

1030 683 1070 719 δὶ,
1085 683 1152 713 ὥστε
1168 685 1239 724 αὐτῷ
1255 684 1301 717 τὰς
1317 688 1327 700 ‘³
1339 685 1479 725 προσόδους
1495 684 1614 723 γενέσθαι
1625 684 1738 721 πολλὰς,
1753 685 1799 713 καὶ

1030 730 1066 769 μὴ
1088 731 1277 770 ἀναγκάζεσθαι
1302 731 1429 771 περιιέναι
1449 732 1494 760 καὶ
1511 733 1595 767 ζητεῖν
1619 731 1720 771 ἑτέρους
1740 731 1799 765 τοὺς

1029 776 1251 815 ιιδοινεισομ.ε’νους.
1276 778 1328 806 Καὶ
1348 781 1390 806 νῦν
1411 780 1486 806 τοῦτο
1510 777 1551 810 ’δὸς
1573 777 1603 805 τὸ
1627 777 1799 817 χειρόγραφον

1029 827 1081 854 τοῖς
1095 822 1222 858 παιδίοις,
1237 823 1282 851 καὶ
1302 823 1431 852 κατάλιπε
1450 823 1493 852 τὸν
1515 824 1582 852 Θεὸν
1597 825 1682 856 αὐτοῖς
1703 823 1800 862 ὀφειλέ-

1029 880 1085 903 την.
1103 868 1141 897 Σὺ
1155 868 1181 898 δὲ
1200 868 1258 901 τοὺς
1280 868 1326 907 μὲν
1341 868 1435 908 ἀγροὺς
1446 871 1474 898 οὐ
1489 871 1584 902 πωλεῖς
1598 869 1642 898 καὶ
1655 869 1731 902 δίδως
1746 873 1800 901 τοῖς

1029 914 1156 951 παιδίοις,
1175 916 1231 944 ἀλλ’
1254 917 1309 954 ἐᾷς,
1333 916 1404 948 ὅπως
1423 918 1439 951 ἡ
1464 916 1589 956 πρόσοδος
1610 915 1714 954 εμένοι,
1728 915 1773 944 καὶ
1786 918 1800 944 ὁ

1030 963 1081 989 τῶν
1091 960 1235 1000 χρημάτων
1255 962 1417 1000 πλεονασμὸς
1441 963 1526 995 αὐτοῖς
1541 962 1638 1001 γένοιτο
1649 961 1745 991 πλείων
1760 963 1800 990 ἐν·

1030 1009 1129 1036 τεῧθεν·
1147 1006 1176 1035 τὸ
1196 1006 1222 1036 δὲ
1240 1007 1411 1047 χειρόγραφον
1430 1011 1517 1044 τοῦτο,
1538 1008 1634 1041 παντὸς
1653 1008 1732 1048 ἀγροῦ
1755 1006 1799 1036 καὶ

1030 1052 1165 1092 προσόδων
1176 1053 1351 1093 εὐπορώτερον
1360 1076 1367 1088 ,
1381 1053 1426 1082 καὶ
1439 1054 1574 1086 τοσούτους
1588 1053 1663 1093 φέρον
1677 1052 1801 1093 καρποὺς,

1030 1102 1104 1127 τοῦτο
1117 1098 1232 1131 δέδοικας
1253 1100 1419 1133 καταλιπεῖν;
1443 1099 1488 1127 καὶ
1509 1099 1592 1133 πόσης
1613 1099 1642 1127 ἂν
1663 1098 1702 1133 εἴη
1726 1101 1801 1127 τοῦτο

1030 1143 1147 1179 εὐηθείας
1168 1156 1196 1172 τε
1222 1143 1266 1172 καὶ
1284 1143 1484 1184 παραπληξίας;
1500 1144 1553 1173 Καὶ
1571 1148 1653 1173 ταῦτα
1673 1143 1746 1176 εἰδὼς
1759 1143 1799 1173 ὅτι

1030 1190 1078 1219 κᾶν
1098 1192 1183 1223 αὐτοῖς
1204 1190 1266 1218 αὐτὸ
1281 1190 1444 1227 καταλίπης,
1467 1191 1512 1219 καὶ
1533 1191 1608 1223 αὐτὸς
1630 1191 1691 1219 αὐτὸ
1711 1189 1799 1219 λαῧὼν

1029 1237 1159 1276 ἀπελεύσῃ
1171 1237 1258 1265 πάλιν.
1273 1239 1298 1266 Τ
1300 1239 1391 1266 οιαῧτα
1403 1238 1453 1276 γὰρ
1465 1237 1497 1266 τὰ
1509 1237 1673 1276 πνευματικοί
1681 1248 1687 1254 ·
1701 1235 1800 1271 πολλὴν

1029 1288 1083 1323 ἔχει
1093 1283 1140 1319 τὴν
1155 1283 1314 1322 φιλοτιμίαν.
1328 1283 1373 1318 Μὴ
1389 1283 1420 1318 δὴ
1430 1283 1607 1323 πτωχεύωμεν
1616 1307 1623 1319 ,
1639 1282 1705 1322 μηδὲ
1717 1282 1800 1311 ἀπάν-

1029 1332 1128 1369 θρωποι
1149 1329 1194 1357 καὶ
1209 1329 1276 1366 ὠμοὶ
1289 1329 1349 1369 περὶ
1363 1332 1434 1367 ἡμᾶς
1458 1329 1548 1362 αὐτοὺς
1571 1329 1716 1368 γινώμεθα,
1740 1329 1798 1357 ἀλλ’

1029 1374 1251 1414 ἐμπορευσώμεθα
1271 1374 1317 1409 τὴν
1337 1375 1418 1410 καλὴν
1434 1375 1530 1410 ταύτην
1546 1374 1743 1414 πραγματείαν,
1758 1373 1800 1402 ἵνα

1029 1421 1073 1449 καὶ
1093 1421 1164 1449 αὐτοὶ
1180 1420 1302 1453 λαῧόντες
1319 1421 1398 1456 αὐτὴν
1420 1420 1583 1459 ἀπέλθωμεν,
1598 1421 1642 1449 καὶ
1662 1425 1714 1453 τοῖς
1736 1421 1799 1452 υἱοῖς

1027 1472 1080 1500 τοῖς
1096 1468 1193 1495 ἓαυτ11ν
1218 1466 1434 1505 xoeroekeiltwgstv,
1456 1479 1500 1495 και
1514 1469 1565 1495 τῶν
1581 1466 1753 1505 μελλόντων
1742 1477 1798 1494 επι-

1027 1513 1147 1552 τύχωμεν
1163 1513 1275 1551 ἀγαθῶν,
1285 1511 1375 1552 χάριτι
1390 1524 1435 1540 και
1451 1511 1631 1552 φιλανθρωπία
1644 1524 1688 1540 του
1702 1510 1799 1550 Κυρίου

1027 1562 1103 1598 {lm->v
1118 1559 1205 1594 Ἰησοῦ
1229 1559 1342 1598 Χριστου
1352 1581 1359 1594 ,
1381 1559 1438 1596 μεθ’
1457 1560 1486 1587 οὑ
1510 1570 1548 1586 τι)
1571 1557 1659 1597 Πατρι
1682 1557 1738 1595 ἅμα
1759 1569 1797 1596 τῳ

1027 1605 1092 1645 ἇγίω
1114 1604 1252 1642 Πνεύματι
1271 1603 1345 1640 οόξα,
1364 1604 1458 1643 κράτος
1468 1627 1475 1640 ,
1500 1603 1580 1643 τιμὴ,
1599 1607 1642 1633 ν’ὔν
1670 1615 1716 1632 και
1740 1602 1796 1638 ἀεὶ,

1027 1652 1072 1682 καὶ
1089 1653 1124 1685 εἷς
1137 1650 1194 1684 τοὺς
1210 1651 1304 1683 αἰῶνας
1319 1653 1371 1680 τῶν
1387 1650 1497 1680 αἰώνων.
1513 1650 1604 1689 Ἀμήν.

1071 1762 1082 1780 ‘¹
1103 1761 1173 1786 Unus
1185 1764 1357 1794 δανειζομένους.

1071 1806 1079 1816 ⁹
1096 1800 1206 1831 Quidam
1218 1805 1282 1834 μένῃ.
